2750 4625
265 260 267 267 '
377 265 536 334 lusum
559 267 740 337 umtoms
765 269 845 338 uo.
868 270 897 338 1.

83 428 149 498 825
168 439 303 490 maturas
313 449 404 508 uvas,
424 440 556 493 maturas
571 433 670 513 signat
685 433 800 510 olivas3

170 535 369 615 aequiparans
383 532 511 593 caudore
524 537 610 595 uires
623 534 793 618 hiemisque
807 537 946 617 pruinam

170 635 314 694 albicolor
327 632 419 693 viridi
431 637 529 697 socius
546 640 736 718 ooniungitur
748 658 819 713 una,

171 746 202 795 et
216 738 314 795 faeere
329 733 403 793 duas
417 734 517 795 studia
529 740 561 796 in
574 741 721 798 contraria
733 751 844 820 partes,
884 787 888 793 ,

170 845 205 895 ut
217 846 288 897 sunt
298 838 417 897 aestivis
427 838 575 919 brumalia
589 842 701 920 frigora
713 843 853 900 temnis.

59 972 61 976 ⁴
84 939 149 1004 830
169 940 234 1019 ipse
249 942 355 1019 ingens
370 940 480 1014 circus,
498 942 605 1020 plenus
620 963 675 1002 osu
689 944 815 1001 cuculus
830 941 912 1015 anui,

172 1039 320 1100 clauditur
334 1044 366 1099 iu
380 1052 505 1099 teretem
516 1043 615 1123 longis
628 1045 808 1104 aufractibus
823 1043 937 1115 orbem,

172 1144 354 1222 amplectens
370 1145 504 1222 geminas
520 1164 615 1226 aequo
631 1145 800 1206 discrimine
812 1154 909 1203 metas

173 1255 203 1303 et
215 1247 346 1325 spatium
356 1243 491 1320 mediae,
514 1264 572 1327 quo
587 1268 619 1307 sa
634 1245 817 1328 viapandit,
839 1262 958 1304 arenae.

413 1348 542 1406 referam
555 1352 666 1429 primas
680 1352 816 1409 iunxisse
834 1343 994 1428 quadrigar

86 1445 150 1543 8δρ
172 1457 204 1507 et
215 1467 317 1511 curma
331 1466 462 1507 armasse
474 1469 583 1527 novos,
603 1453 806 1533 Pelopemque
816 1446 981 1508 seormduru

169 1551 203 1608 iu
219 1550 314 1610 soceri
328 1551 445 1609 venisse
457 1569 578 1610 necarit:
599 1555 797 1637 praestantior
809 1552 884 1609 alter

170 1654 310 1711 iuventus
324 1671 418 1731 gener
428 1662 482 1728 est,
503 1653 572 1732 plus
586 1674 712 1734 sponsae
725 1657 844 1713 iunctus
859 1672 971 1712 amore.

170 1749 251 1812 huno
263 1765 397 1814 veterum
409 1757 500 1835 primi
513 1756 603 1813 ritum
614 1776 675 1814 nou
689 1758 746 1815 rita
759 1756 905 1832 oolobant,

170 1874 237 1915 esse
249 1853 339 1914 deum
354 1857 451 1915 solem
461 1867 541 1916 rsota
553 1866 614 1916 uou'
627 1869 729 1917 mente
741 1867 898 1939 putantes:

86 1952 150 2021 840
170 1954 225 2015 sed
234 1957 328 2016 fautor
341 1959 413 2017 solis
426 1970 585 2039 postquam
599 1959 654 2019 sub
669 1961 733 2020 sola
745 1959 842 2019 videri

170 2078 204 2118 so
216 2059 312 2117 voluit
326 2060 515 2140 formamque
529 2059 603 2120 deus
619 2060 656 2120 de
673 2065 789 2141 virgine
803 2063 932 2140 sumpsit

171 2158 296 2219 humani
307 2162 441 2240 generis,
462 2168 534 2221 tuno
543 2183 669 2223 munere
684 2165 757 2224 solis
772 2162 911 2241 adempto

170 2262 353 2344 principibus
366 2260 483 2323 delatus
497 2261 595 2325 honor
607 2285 777 2347 munusque
789 2267 906 2325 Latinis

171 2376 202 2425 et
211 2363 341 2424 iuouuda
353 2384 450 2425 novae
463 2366 606 2428 oimensia
622 2368 734 2448 gaudia
747 2370 872 2427 Romae.
909 2349 911 2358 Ι

85 2464 150 2533 846
212 2470 279 2527 Huo
292 2487 396 2528 omnes
409 2468 532 2548 populi,
551 2474 640 2548 pueri
651 2472 834 2549 iuvenesque
852 2485 999 2547 senesque

576 2569 649 2630 dant
662 2570 784 2650 agmina
797 2567 920 2648 plausus

573 2691 635 2731 vox
646 2672 785 2730 omnibus
799 2689 868 2746 uua,

171 2790 258 2832 mens
274 2768 397 2831 eadem:
419 2791 529 2864 nomeu
541 2774 662 2852 populis
675 2773 775 2853 plaoet
787 2772 926 2833 omnibus
939 2794 1043 2833 unum.

171 2875 235 2935 ales
248 2883 282 2933 ut
295 2876 447 2954 expositor
461 2894 531 2934 oum
539 2872 679 2955 ‘phoenix
688 2878 812 2934 innovat
828 2885 909 2933 artus

87 2977 150 3044 850
171 2977 287 3036 obusto
301 2975 434 3036 rediviva
447 2997 521 3052 suo,
542 2983 704 3037 oouoautus'
713 2979 747 3034 in
758 2993 853 3033 uuum

171 3088 252 3138 naus
267 3081 368 3136 avium
381 3089 496 3158 speotat
509 3080 606 3142 solem
619 3079 751 3158 solisque
766 3077 927 3151 volumem,

171 3176 245 3238 dum
254 3182 364 3256 veniat,
387 3199 547 3263 regemque
561 3200 675 3240 nouam
689 3181 818 3239 clamore
831 3180 971 3256 salutant,

171 3282 214 3341 sio
225 3277 315 3341 decos
327 3283 462 3362 imperii,
484 3293 621 3342 sanetum
636 3286 679 3343 sio
692 3286 757 3342 Iota
771 3300 928 3359 resurgens

171 3393 310 3441 exortum
327 3393 373 3441 est
387 3380 424 3442 de
438 3383 497 3442 fine
510 3404 580 3459 suo,
608 3386 785 3463 seniumque
799 3400 948 3462 reponens

85 3485 149 3553 855
169 3486 299 3545 nominis
314 3494 344 3542 et
353 3485 425 3542 reoti
436 3487 549 3545 Iustino
563 3486 596 3543 iu
610 3485 744 3564 principa
756 3486 831 3542 vivit

169 3588 350 3646 lastinianus
361 3605 441 3665 apex
452 3604 462 3662 ς
483 3583 597 3644 domini
610 3587 654 3644 sio
665 3586 775 3665 vulgus
786 3605 888 3644 amors

169 3686 304 3769 undique
317 3688 497 3747 ooureuieus
509 3686 657 3745 laetarum
667 3705 753 3746 more
766 3687 921 3746 voluoruru
1026 3723 1028 3732 ι

166 3779 222 3852 “tu
233 3791 351 3866 vium,
371 3781 507 3849 iustiue”
520 3797 646 3863 oauuut,
667 3788 833 3868 ingensque
845 3788 991 3848 tumuitus

170 3893 293 3968 oresoit,
316 3901 347 3952 et
357 3893 493 3972 Augusta
504 3891 602 3950 luatur
616 3887 753 3949 discessit
764 3889 802 3947 ab
817 3889 885 3947 aula

86 3996 149 4062 360
167 3994 281 4054 laetitia
292 3995 433 4053 veniente
441 4011 531 4054 nova.
573 4009 636 4051 vox
647 3992 762 4052 exuitat
773 4006 895 4051 omnes:
940 4017 942 4024 v

169 4098 271 4156 omnia
284 4095 400 4155 Iustino
413 4093 558 4174 praebent
569 4091 718 4151 elementa
732 4092 876 4165 favorem,

168 4193 270 4256 omnia'
282 4193 480 4274 oougaudeut.
521 4213 627 4255 ornatu
639 4193 768 4254 oiamore
780 4192 878 4252 vooati

132 4302 232 4366 Mosa
253 4308 281 4357 ot
300 4302 361 4357 Cor.
930 4290 969 4351 16

1111 274 1182 345 175
