2750 4625
389 289 447 356 ou
471 284 733 357 annaneane
756 289 897 358 rmus.
1076 297 1079 302 ·
1157 311 1193 360 tx
1247 263 1258 279 ”’

181 459 229 517 De
252 457 351 537 pretio
375 454 590 516 anecdotorum
616 454 763 516 editorem
784 453 883 516 dicere
906 459 1105 538 periculosum
1128 474 1192 542 est3
1314 489 1318 495 ·

94 582 197 644 neque
213 578 397 642 magnopere
416 571 519 620 metuo
539 580 596 634 na,
615 560 665 620 vel
685 561 791 619 silente
810 580 877 637 me,
899 561 1094 624 Merobaudes
1105 583 1192 627 meua

96 662 338 726 contemnendus
355 669 444 744 poeta
464 661 562 723 videri
579 666 682 744 possit.
699 703 701 706 .
724 662 821 721 multa
841 664 975 743 profecto
989 664 1038 726 his
1051 671 1191 728 carmini-

96 770 156 828 bus
176 770 280 827 insunt
298 765 416 826 fortiter
434 768 578 846 cogitata,
600 767 729 846 plurime
749 763 901 845 eleganter
921 765 1018 829 dicta:
1039 791 1195 854 nunquam

96 873 227 951 ineptit3
250 888 336 946 raro,
353 866 388 928 id
399 867 482 950 quod
495 871 563 928 aeri
576 870 685 928 vitium
698 879 759 944 est,
778 867 887 928 tumet.
929 873 1012 931 sitin
1025 866 1084 933 hoc
1099 895 1195 956 quae·

99 971 174 1033 dam
189 971 312 1033 editoris
326 971 536 1056 peledropyle:
558 982 661 1030 tamen
673 969 753 1029 hano
767 969 1029 1051 reprehensionem
1045 996 1106 1036 uon
1119 976 1196 1040 adeo

97 1097 224 1153 vereor,
247 1085 283 1135 ut
294 1095 356 1135 non
367 1076 465 1133 fatear
480 1094 588 1155 cupere
600 1094 652 1132 me
667 1092 737 1132 eum
751 1072 934 1151 Claudiano,
956 1078 1012 1134 cui
1020 1081 1108 1137 aetati
1123 1099 1196 1159 pro-

98 1180 206 1238 ximus
227 1188 290 1253 est,
316 1179 433 1257 poetica
454 1196 571 1259 quoque
587 1174 678 1235 lauda
693 1177 747 1234 rix
759 1176 931 1236 inferiorem
948 1182 1072 1238 censeri.
1114 1183 1198 1241 scili·

100 1292 167 1357 cet,
193 1278 228 1340 id
256 1277 338 1363 quod
358 1281 559 1360 inscriptionis
583 1280 716 1358 elogium
734 1278 902 1358 praedicat,
930 1282 1199 1360 ingenirunvarmis

101 1386 216 1465 puriter
234 1403 269 1442 ac
288 1383 357 1442 stilo
379 1394 568 1460 exercuerat,
594 1385 663 1463 plus
683 1385 718 1442 in
740 1385 842 1462 opstrls
865 1402 955 1464 quam
975 1386 1009 1442 in
1029 1384 1201 1447 scholarum

102 1488 167 1547 otio
187 1497 334 1546 versatus·
376 1486 409 1544 iu
429 1487 601 1545 unirersrnu
614 1496 716 1545 autem
730 1484 789 1544 hoc
803 1483 966 1544 tenendum
980 1497 1040 1563 est,
1061 1488 1115 1547 illo
1130 1509 1200 1549 sae·

101 1589 177 1648 culo
188 1607 247 1669 quo
260 1588 339 1647 orbis
349 1588 502 1647 Romanus
517 1585 708 1663 concidebat,
728 1587 820 1668 longe
834 1589 921 1668 plura
933 1591 1135 1674 amplioreque
1149 1593 1200 1650 in-

105 1692 201 1771 gania
221 1692 349 1769 riguisse
370 1708 462 1772 quam
482 1691 520 1750 iis
540 1710 617 1774 quae
631 1694 769 1772 proxime
783 1703 1020 1772 praecesserant:
1048 1713 1200 1753 summum

106 1794 193 1852 enim
206 1789 380 1868 discrimen,
400 1813 460 1875 quo
473 1805 598 1874 urgente
611 1797 845 1876 uniuscuiusque
854 1797 963 1875 privati
975 1793 1106 1857 hominis
1120 1799 1201 1857 salus

108 1915 129 1955 a
142 1897 185 1954 rei
199 1896 338 1975 publicae
360 1895 456 1955 salute
474 1895 639 1976 pendebat,
661 1899 777 1958 animos
794 1918 834 1958 ex
849 1896 964 1958 diutino
984 1909 1102 1979 torpore
1117 1901 1202 1957 exci-

107 2008 187 2058 tatos
200 1999 372 2077 graviorum
385 2018 486 2059 rerum
499 2002 727 2080 cogitationibus
740 2001 902 2081 implebat3
924 2002 1003 2060 viros
1020 2012 1121 2061 autem
1132 2021 1202 2061 ma·

108 2119 187 2181 gnos
202 2103 237 2159 in
251 2100 360 2162 mediis
377 2104 518 2182 periculis
538 2102 817 2186 discriminibusque
835 2114 922 2163 natos
945 2113 975 2161 et
992 2102 1103 2181 factos,
1123 2106 1203 2164 inter

108 2206 301 2285 andquannn
319 2209 464 2266 virtutum
483 2210 585 2267 minas
600 2210 784 2284 eminentes,
807 2218 837 2266 et
852 2226 979 2288 quorum
989 2207 1144 2265 immensis
1155 2205 1204 2263 la-

108 2308 233 2368 boribus
243 2309 386 2389 reliquiae
398 2312 518 2390 imperii
531 2312 762 2387 sustinebantur,
776 2314 889 2372 sincere
905 2321 934 2369 et
950 2330 990 2369 ex
1004 2311 1104 2368 auimo
1115 2328 1206 2389 prae-

111 2408 253 2471 dicabant
274 2394 565 2497 adrnirebanturque.
608 2417 718 2498 quippe
741 2416 866 2475 Traiani
888 2432 964 2473 aero
985 2433 1084 2494 neque
1105 2410 1206 2472 clades

112 2526 253 2594 acceptae
273 2535 372 2597 neque
388 2520 468 2596 parti
487 2516 631 2598 triumphi
649 2516 858 2577 condicionem
876 2518 1021 2575 Italorum
1036 2514 1209 2573 mutabant:

100 2637 219 2697 'rerum
238 2637 257 2676 a
278 2621 389 2678 virtute
410 2630 441 2678 et
462 2621 605 2680 felicitate
625 2622 707 2680 Astii
727 2621 850 2698 eiusque
870 2613 1028 2696 prudentia
1048 2612 1211 2694 pendebat,

112 2722 341 2781 utrumlicmae
354 2734 384 2780 et
396 2724 527 2782 initalia
541 2740 645 2784 secure
659 2722 828 2795 viveretur,
851 2737 889 2778 an
907 2717 1101 2776 barbarorum
1112 2716 1212 2775 saari-

112 2824 160 2882 tia
181 2842 275 2904 nsque
293 2827 325 2882 in
341 2826 555 2886 remotissimos
576 2822 702 2904 angulos
723 2832 916 2904 grassaretur.
958 2819 1049 2880 huius
1070 2821 1154 2895 aeri,
1179 2819 1213 2877 in

113 2945 178 3007 quo
190 2945 343 2985 mmormn
356 2929 452 3007 gloria
463 2930 567 2989 Aecus
581 2930 646 3009 ipse
659 2906 696 2986 ac
707 2927 894 3002 Bonifacius,
915 2923 1064 3006 pauloque
1078 2924 1209 2981 iuniores
1226 2941 1255 2997 p.
1271 2924 1326 2982 ΧΠ
1351 3010 1354 3017 1

113 3029 298 3089 Maiorianus
321 3041 351 3090 et
371 3031 582 3110 Sebastianus,
603 3032 767 3107 florebant,
790 3031 848 3089 viri
860 3029 980 3089 vixulli
992 3028 1126 3107 priorum
1144 3044 1214 3084 sae-

114 3131 254 3190 culorum
278 3130 348 3192 daei
370 3133 512 3212 secundi3
532 3137 565 3194 iu
585 3155 644 3217 quo
659 3155 723 3193 non
737 3136 826 3214 pauci
839 3152 926 3193 senes
940 3131 1113 3212 superstites
1130 3138 1215 3187 erant

114 3235 173 3315 qni
185 3232 386 3296 Claudianum
398 3235 568 3314 audissent,
588 3249 618 3297 et
629 3236 711 3321 quod
723 3240 761 3296 D.
776 3239 979 3316 Augustinum
992 3227 1213 3314 quodammode

114 3336 178 3395 sihi
191 3337 319 3398 uibuere
338 3351 470 3421 potarat,
491 3339 598 3419 huius,
621 3344 763 3424 inquam,
784 3342 852 3398 aeri
864 3339 984 3397 nullum
997 3343 1151 3414 supererat
1163 3334 1214 3391 in-

114 3439 202 3517 genii
214 3454 461 3520 monumentum
482 3454 572 3526 atque
584 3447 650 3525 ipsa
661 3446 796 3523 iugentia
809 3443 890 3501 Astii
903 3439 999 3513 facta,
1016 3447 1135 3517 praeter
1144 3437 1215 3495 bre-

114 3543 276 3602 vissimam
293 3547 326 3603 iu
346 3544 493 3606 chronicis
508 3550 710 3625 mentionem,
728 3546 891 3605 memoriae
902 3540 1060 3601 hominum
1072 3542 1136 3599 fere
1149 3560 1216 3598 ere-

115 3656 171 3724 pta
183 3647 317 3707 fuerunt.
345 3650 446 3731 itaque
459 3650 617 3730 singularis
628 3649 738 3711 horum
748 3650 984 3726 fragmentorum
999 3643 1053 3704 dos
1067 3655 1122 3719 est,
1136 3639 1218 3724 quod

117 3759 151 3807 et
171 3749 213 3809 ad
233 3771 334 3810 rerum
355 3763 507 3832 gestarum
527 3755 666 3814 notitiam
688 3750 828 3811 nonnihil
854 3751 1028 3823 conferunt,
1056 3757 1086 3805 et
1111 3765 1220 3806 aevum

116 3851 238 3931 ipsum,
263 3856 427 3937 qualesque
447 3856 501 3915 illo
519 3866 656 3937 tempora
677 3856 791 3915 fuerint
806 3855 923 3912 litterae
937 3848 1135 3932 hominesque
1151 3869 1222 3908 eru·

116 3951 195 4030 diti,
215 3966 286 4015 ante
302 3958 405 4017 oculos
422 3960 541 4019 sistunt.

206 4057 339 4121 Editcris
361 4061 511 4139 officium,
535 4063 568 4121 in
588 4057 763 4121 huiusmodi
784 4060 918 4141 reliquiis
938 4051 1149 4127 recensendis,
1174 4049 1224 4109 vel

110 4161 284 4242 praecipue
295 4165 383 4224 vcirca
398 4165 607 4245 supplementa
621 4183 763 4230 versuum
779 4173 985 4222 tumeatcrum
998 4158 1111 4218 versari
1123 4151 1224 4212 liben-

116 4267 168 4323 ter
190 4283 342 4346 agnuam
367 4286 497 4350 eumque
521 4267 660 4342 demum,
682 4268 790 4348 quiea
811 4283 889 4346 quae
903 4264 998 4324 fracta
1015 4270 1046 4319 et
1060 4257 1224 4319 deformata
