2750 4625
409 292 467 361 DE
492 291 702 362 ttonluus
725 290 895 364 tusum
1127 291 1200 365 321

186 458 238 525 57.
280 461 408 521 omtitc.
439 459 483 519 sio
498 460 635 540 reposui:
657 468 727 520 ante
743 468 807 519 srat
821 460 936 531 omnia,
957 454 1099 540 idemque
1111 477 1202 518 meu·

101 542 174 605 dum
194 547 227 603 in
246 545 413 606 innumeris
433 555 497 604 erat
515 548 623 625 potitis.
666 547 773 606 trane.
795 541 915 605 Medius
934 542 1081 604 observat.
1100 546 1199 608 Valer.

101 631 199 689 illaec.
221 634 336 709 Argon.
357 634 394 695 7:
427 627 493 688 sola
511 630 588 710 sui,
617 633 715 689 tristes
740 629 891 688 thalamos
917 630 1085 709 infestaque
1110 650 1200 689 emto

101 718 213 775 omnic.
258 717 326 795 lege
347 718 460 775 omina.
507 726 662 796 corruptus
687 727 718 777 et
737 705 893 775 claudian.
909 712 946 772 de
960 716 980 776 6
994 716 1106 773 Honor.
1125 734 1199 774 con-

100 802 201 861 sulctu
220 803 252 858 in
272 803 437 881 principio,
459 801 567 858 ceruiw
585 803 686 859 omina
702 812 843 880 turgum:
866 802 909 859 sic
927 800 1009 857 enim
1023 808 1053 856 et
1066 801 1198 859 Venetus

100 883 197 946 codex
216 896 247 945 et
268 884 396 965 Gryphit
414 895 445 944 et
462 904 510 944 ms
527 905 625 946 mens.
667 896 698 944 et
718 883 755 944 de
775 894 863 965 raptu
875 889 914 949 2:
936 884 1038 941 omnio
1053 893 1198 962 perpetuo

95 970 245 1051 genitalia
254 971 380 1050 foedere
398 972 505 1029 sancit.
549 971 618 1049 lege
632 972 748 1043 onunu,
769 981 802 1029 ut
818 971 883 1049 ipse
900 969 1031 1048 explicet
1047 970 1080 1025 in
1099 967 1199 1027 unffi-

98 1076 173 1115 num
183 1061 220 1120 2:
244 1055 389 1113 thalamis
397 1057 558 1135 proprium
568 1054 742 1135 getulicus
760 1075 859 1125 omen,
888 1064 917 1111 et
942 1053 979 1111 de
1001 1051 1084 1111 laud.
1105 1053 1196 1112 Sere-

97 1161 173 1215 nae,
196 1160 287 1221 quem
300 1141 411 1199 librum
425 1140 522 1199 codex
534 1161 621 1199 meus
634 1160 727 1198 manu
741 1150 880 1198 exaratus
892 1157 953 1196 non
967 1136 1129 1197 Claudiano
1141 1136 1197 1197 sed

100 1225 233 1305 Gyruldo
256 1224 375 1285 uidam
393 1227 512 1301 tribuit,
533 1227 577 1286 ibi
594 1243 683 1303 ergo:
705 1226 807 1283 omnia
819 1245 880 1283 uon
890 1222 982 1282 audet
991 1224 1122 1302 genitrix
1133 1234 1197 1282 tum

98 1310 325 1390 mognasoteri.
371 1332 457 1370 omen
469 1310 607 1389 nuptiale
619 1331 666 1369 res
679 1313 749 1369 trita
762 1319 793 1369 et
804 1308 903 1370 obvia.
946 1308 1023 1368 Stat.
1034 1308 1134 1370 silui
1156 1311 1199 1371 22-

99 1397 190 1453 etiom
207 1396 332 1455 socialia
342 1408 465 1474 praesto
482 1399 594 1454 omma.
616 1397 758 1456 Deseror.
801 1395 905 1474 scripsi
921 1395 1035 1463 omnic,
1056 1389 1196 1450 utiudu-
1282 1439 1285 1443 .

96 1482 164 1539 bius
182 1481 292 1559 legisse
306 1481 425 1541 videtur
438 1482 560 1540 Ruizius
574 1483 607 1539 in
623 1499 689 1540 ms:
711 1491 813 1561 eptam
832 1482 912 1539 enim
934 1480 999 1536 loco
1015 1478 1197 1536 sententiam

98 1586 135 1625 ea
158 1585 220 1624 vox
241 1566 370 1626 conficit.
413 1567 466 1624 alii
482 1565 625 1625 suffecere
642 1567 755 1624 omina.
799 1573 830 1622 at
845 1567 871 1624 si
885 1583 959 1644 opus
972 1563 1067 1635 foret,
1088 1562 1196 1619 malim

96 1653 225 1709 comittit.
269 1671 358 1731 saepe
380 1646 504 1732 quidem
523 1654 555 1710 in
579 1647 666 1711 codd.
683 1630 720 1713 'sd
739 1651 841 1708 omnio
854 1668 909 1729 pro
925 1649 1026 1705 omina
1040 1648 1194 1725 irrepsisse

95 1755 157 1795 non
180 1756 331 1816 pernego,
354 1735 408 1795 sed
428 1755 518 1815 saepe
538 1738 630 1794 etiam
644 1737 676 1794 in
693 1754 756 1793 mss
773 1732 860 1793 codd.
878 1735 1022 1805 occurrit,
1044 1739 1078 1789 ut
1092 1732 1119 1788 si
1134 1749 1194 1812 qua

96 1840 158 1879 vox
176 1820 292 1881 desinet
305 1824 338 1879 in
352 1823 451 1879 littera
464 1840 521 1900 per
532 1839 624 1901 quum
638 1821 744 1899 incipit
757 1819 951 1898 subsequens,
974 1836 1009 1874 ea
1021 1814 1120 1873 littera
1131 1833 1193 1873 non
1254 1833 1255 1836 ¹

96 1904 280 1986 duplicatum
313 1917 343 1964 et
367 1915 446 1964 certe
467 1907 565 1984 aptius
586 1907 704 1963 semotis
722 1923 790 1962 cnm
811 1903 902 1961 verbo
914 1902 1002 1980 fingi
1020 1903 1193 1978 coniunges.

94 1993 199 2070 Virgil.
220 1992 287 2051 uel.
308 1993 329 2055 8
351 1993 431 2057 108:
454 1989 624 2048 credamus?
644 2011 704 2060 an,
724 1988 780 2069 qui
792 1997 911 2057 amant,
932 1987 994 2063 ipsi
1004 1983 1064 2041 sibi
1077 1985 1194 2041 sonuu'a

85 2076 238 2156 fingunt?
257 2078 356 2135 Foco.
400 2077 464 2134 siue
481 2073 572 2134 dubio
586 2073 793 2154 reponendum
806 2083 861 2130 aut
872 2070 976 2128 eredas
988 2067 1196 2146 omt‘etafingt',

94 2159 294 2241 adstipulante
315 2162 425 2219 illustri
440 2163 566 2219 Heinsio
582 2158 621 2218 ad
636 2160 740 2219 Sabin.
757 2158 843 2237 epist.
856 2160 878 2219 3
892 2173 922 2212 v.
937 2156 993 2216 82.
1031 2170 1137 2209 verum
1153 2150 1196 2208 de

95 2246 197 2306 crebra
208 2246 266 2306 hac
278 2248 496 2326 permutatione
511 2244 589 2303 conf.
607 2245 781 2302 Carrionem
794 2242 827 2297 in
840 2239 907 2297 Val.
920 2237 1062 2295 Flaccum
1078 2236 1095 2297 1
1117 2237 1197 2312 231,-

95 2345 125 2392 et
138 2337 197 2394 los.
213 2336 338 2392 Mercer.
354 2329 393 2388 cd
406 2332 629 2389 Aristaenetum
645 2330 662 2389 1
684 2331 716 2391 3.
743 2327 881 2386 Nosses.
947 2338 950 2342 ’

179 2420 230 2484 58.
274 2436 343 2475 cum
360 2417 476 2488 omnia,
497 2423 565 2471 tum-
578 2410 628 2470 hic
642 2422 709 2469 tum
721 2412 756 2469 in
772 2408 981 2490 sequentibus,
1003 2405 1097 2463 futuri
1111 2414 1191 2462 tem-

93 2505 175 2583 poris
194 2510 398 2572 memorentur
421 2508 523 2577 gesta,
552 2508 582 2555 et
600 2508 754 2576 praeterea
776 2495 891 2553 laboret
912 2502 1059 2566 metrum,
1085 2490 1194 2548 malms

94 2591 216 2647 omnino
230 2584 390 2644 mirabitur
401 2594 483 2642 aeta.
526 2584 646 2643 chcs.

179 2672 232 2738 69.
273 2671 417 2748 miratus]
439 2668 595 2747 legebatur
615 2669 754 2725 muana.
783 2665 880 2722 lime.
927 2658 1074 2737 meatem}
1092 2659 1196 2714 Hora--

94 2756 186 2821 tius4
209 2759 229 2819 9
251 2754 304 2821 15·
344 2756 444 2814 Foco.

178 2846 230 2906 60.
267 2842 367 2919 prce]
385 2850 464 2898 recte
487 2836 573 2913 [cnm
592 2836 689 2896 Ruizii
709 2833 862 2911 margine]
879 2849 938 2910 per
951 2827 1078 2905 selege‚
1099 2820 1191 2882 idest

92 2928 178 2987 nullo
196 2926 382 3005 impellente.
424 2926 528 3000 lupen.
553 2926 601 2985 10.
645 2924 748 2979 Horat.
767 2918 824 2976 lib.
841 2921 861 2980 3
884 2913 933 2973 od.
947 2913 984 2976 4:
1004 2913 1051 2969 via
1073 2908 1191 2967 consilii

84 3009 195 3093 'expers
210 3011 286 3070 mole
298 3012 361 3068 ruit
373 3030 441 3068 suc.
463 3010 606 3067 Dsurss.
648 3015 727 3065 recte
739 3023 794 3083 pro
806 3019 938 3080 praese,
960 2993 1041 3077 quod
1056 2995 1129 3053 olim
1142 2994 1190 3050 le-

93 3099 234 3177 gebatur,
255 3097 449 3175 Dempsterus
472 3093 600 3152 restituit
615 3112 674 3170 per
693 3109 738 3160 sc,
759 3086 792 3145 id
813 3095 857 3145 est
880 3103 934 3142 sua
954 3090 1075 3160 sponte,
1097 3076 1195 3156 idque·

92 3186 156 3242 ium
171 3182 293 3240 Ruizins
306 3183 337 3237 iu
351 3180 486 3258 margine
499 3187 624 3237 notarat.
643 3171 648 3176 ⁵
670 3173 776 3233 eadem
790 3171 901 3229 locutio
921 3162 1073 3226 reddenda
1088 3162 1189 3219 Curtio

93 3265 183 3329 litut
202 3264 223 3330 4
245 3266 281 3329 5:
311 3265 488 3343 Neptunum
509 3262 648 3341 occupati
664 3261 757 3318 murts
777 3255 926 3316 vindicem
942 3249 1105 3327 arripuioee
1125 3241 1189 3300 bel·

92 3353 191 3423 luam,
212 3371 251 3408 ac
266 3349 373 3407 molem
386 3350 469 3406 brevi
476 3349 610 3428 proficio
622 3348 788 3404 ruiturum.-
827 3341 894 3417 lege
908 3354 1027 3394 mecum
1041 3330 1124 3388 brevi
1130 3348 1189 3407 per

91 3459 123 3497 se
136 3437 345 3496 conuuurau
391 3436 502 3493 etenim
511 3433 648 3512 profecto
663 3430 789 3508 turpiter
801 3425 934 3503 languet.
975 3420 1120 3515 Voltus..
1161 3496 1169 3515 ι

176 3524 228 3585 61.
272 3521 395 3598 officiet,
415 3517 474 3577 hoo
494 3529 540 3577 est
558 3516 597 3576 ad
616 3525 750 3574 extrema
770 3527 867 3589 usque
883 3520 1093 3582 summamque
1111 3515 1189 3555 inot-

94 3615 157 3667 lam
171 3605 304 3684 rediget,
326 3615 360 3664 ut
370 3623 442 3684 prue
457 3605 562 3678 ceteris
575 3602 671 3681 pressi
683 3601 742 3657 sint
756 3606 786 3655 et
796 3613 856 3651 non
869 3588 998 3664 audeant
1011 3587 1107 3644 malus
1118 3600 1188 3641 sues

94 3704 172 3752 artes
189 3712 339 3750 exercere.
382 3693 424 3748 ita
436 3689 553 3766 afficere
566 3697 611 3745 est
625 3698 850 3753 consummare,
871 3673 951 3757 qnod
964 3672 1089 3731 veebum
1101 3666 1188 3728 vide-

92 3788 142 3836 tur
157 3780 257 3836 animo
273 3775 414 3834 habuisse
436 3774 611 3832 Cresconius
628 3778 739 3828 noster.
782 3765 900 3845 pietatis
925 3768 1025 3817 autem
1047 3764 1110 3813 erat
1126 3769 1192 3810 non-

92 3863 182 3942 plnne
199 3861 341 3921 conficere
358 3858 413 3919 sed
426 3857 465 3916 nd
480 3869 614 3917 extrema
631 3853 783 3931 redigere,
806 3860 840 3907 ut
853 3847 931 3906 verti
944 3842 983 3901 ad
997 3843 1108 3939 bonam
1122 3837 1195 3894 ins·-

93 3967 164 4026 gem
182 3957 313 4027 possent.
357 3946 509 4008 Gelliuss
534 3945 592 4006 16:
614 3940 725 4021 affecta
748 3936 847 4005 enim,
862 3934 939 4028 sicut
960 3928 1009 3986 M.
1040 3926 1139 3983 thero
1160 3927 1189 3974 εἰ

93 4042 224 4092 veterum
244 4031 456 4112 elegantissimi
476 4028 570 4086 locuti
587 4036 671 4096 sunt,
700 4044 735 4081 eu
753 4019 875 4099 proprie
892 4012 1082 4079 docebantur,
1114 4020 1190 4083 lm

93 4138 156 4176 non
166 4117 309 4190 adfinem
321 4118 421 4193 ipsum
434 4114 488 4173 sed
492 4115 630 4192 proxime
633 4111 734 4185 finem
740 4122 901 4186 progressu
915 4098 1079 4158 dedicetuve
1092 4095 1193 4186 eraut.-

94 4204 247 4282 (lorippns
274 4211 376 4258 tamen
407 4201 561 4278 vulgatam
595 4199 758 4275 scripturae
788 4185 1067 4266 interpretationem*
1089 4183 1192 4252 p0t¹u⁸

94 4306 186 4371 quam
199 4287 287 4346 illum
299 4287 484 4365 antiquitatis
496 4302 585 4344 usum
599 4292 724 4343 secutus
734 4273 861 4339 ridetur.
883 4273 1008 4330 uteru.
1051 4277 1105 4341 pro
1120 4255 1192 4337 affl·
