2750 4625
469 177 527 246 DE
552 178 760 248 muninus
784 178 953 250 IUSTINI.
1187 181 1261 256 405
1361 127 1364 136 ·

152 342 279 422 nryrrlm
300 338 417 401 Sabaeo
437 362 547 420 corpus
565 344 762 404 medicamine
781 357 890 406 sucat.
935 347 1023 426 plura
1042 344 1081 406 de
1098 351 1260 427 unguentis

152 438 185 487 at
207 429 274 487 aliis
296 428 386 488 rebus
407 426 449 486 ad
469 426 631 488 arcendam
644 431 895 508 putrefactionem
910 431 1105 493 cadaveribus
1119 432 1257 495 adhiberi

150 513 266 590 solitis,
289 511 449 593 diligenter
464 512 618 574 adnotavit
632 513 699 575 ioh.
713 513 936 577 Kimbunannus
948 517 986 577 da
997 519 1063 579 fun.
1075 520 1163 579 Rom.
1184 524 1199 583 1
1223 525 1256 586 8.

149 599 247 660 lirrr.

235 689 289 750 22.
312 683 497 764 flagrantia
508 684 601 743 mella
614 694 694 744 recte
707 685 902 765 flagrantibus
915 687 1130 748 substituerunt
1142 686 1255 750 doctis-

149 768 222 827 simi
244 771 329 830 Elias
350 767 510 831 Putschius
530 780 560 829 et
581 767 758 831 Euatathius
776 772 921 832 Swartius
937 793 978 832 ex
991 774 1046 834 illo
1059 776 1253 835 Mureniana:

147 853 339 934 redolentque
355 855 455 934 thymo
460 854 644 935 fragrantia
655 856 759 914 mella.
804 858 928 916 Birra.

235 937 287 1005 24.
331 943 442 1018 species
458 951 600 999 externae
614 941 735 1020 fruges,
758 952 907 1018 ammata,
929 952 982 1001 aut
996 943 1131 1024 alioquin
1146 945 1254 1023 singu·

148 1024 225 1082 laria
239 1022 439 1084 condimenta.
467 1027 622 1086 Caesarius
634 1027 818 1087 Arelatensis
832 1029 966 1087 Humilia
978 1031 1037 1092 38:
1058 1029 1253 1108 cueufm-

147 1119 222 1181 tres,
243 1131 336 1189 quam
359 1132 446 1170 caros
465 1131 520 1170 noa
538 1111 679 1171 dommus
693 1111 810 1170 habat.
856 1133 918 1172 nou
929 1133 1019 1184 arou,
1039 1135 1101 1172 nou
1112 1126 1251 1194 argento,

147 1215 211 1252 nou
230 1194 396 1274 speciebus,
417 1197 472 1255 sed
490 1197 529 1255 de
550 1216 604 1255 suo
618 1198 883 1278 sanctosauguiae
898 1218 952 1257 noe
965 1198 1099 1258 redemit.
1144 1197 1250 1260 Theo·

147 1277 240 1339 dorus
260 1283 431 1340 Priscianus
452 1284 472 1344 3
491 1283 534 1354 ,62
546 1281 725 1361 steqzunter
746 1285 791 1341 itu
808 1281 897 1342 rebus
913 1286 1009 1364 gestis
1032 1286 1066 1344 td
1085 1294 1114 1342 et
1137 1304 1249 1363 vapore

146 1363 355 1426 adhibiturum
365 1368 530 1445 specierum
542 1366 793 1447 haemorrhagiae
802 1379 1013 1446 provenerunt.
1057 1371 1183 1429 Binan.

230 1455 283 1516 26.
325 1453 418 1512 nullis
433 1453 610 1511 coniecturis
622 1473 698 1532 opus
713 1451 772 1512 hoc
786 1473 886 1514 versu.
928 1465 974 1514 est
994 1455 1122 1514 imitatio
1143 1458 1246 1514 hiaro-

145 1538 237 1594 niana
251 1540 329 1597 Aen.
345 1538 385 1603 6:
405 1557 475 1618 ergo
493 1538 589 1619 agite,
611 1548 639 1596 et
659 1540 762 1598 cuncti
773 1538 887 1599 laetere
900 1538 1079 1602 celebrem
1091 1540 1243 1600 honoreus.

140 1623 268 1682 Benru.

228 1707 270 1766 ib.
315 1707 392 1767 forte
410 1707 588 1768 celebrabat.
633 1712 727 1771 Rura.

227 1797 280 1858 27.
324 1794 445 1876 melior]
471 1794 558 1856 ovid.
573 1798 646 1855 Met.
665 1796 706 1861 15
722 1796 784 1854 fab.
797 1796 872 1854 ult:
893 1796 977 1853 vinci
989 1794 1109 1873 gaudet
1120 1790 1161 1852 ab
1176 1792 1241 1853 illo.

143 1877 261 1955 Syrum.
281 1876 303 1941 4
325 1899 374 1959 ep.
395 1883 456 1944 20:
491 1881 748 1961 eloquentissimus
766 1882 883 1938 iuvaris
889 1922 903 1950 ,
931 1890 968 1938 ut
976 1880 1081 1959 suado
1101 1882 1243 1957 comperi,

136 1964 284 2038 proximus
289 1963 464 2041 faciendiae
477 1965 611 2024 calcibus
625 1978 715 2046 urget
720 1976 890 2045 parentem.
913 1985 931 2022 o
944 1975 972 2021 te
984 1962 1117 2035 beatum,
1134 1967 1245 2036 amice,

140 2047 170 2103 ei
187 2050 328 2120 vinceris,
349 2070 410 2108 non
432 2060 466 2109 ut
484 2052 515 2109 in
533 2052 664 2130 vulgatis
680 2051 798 2109 vicens:
820 2068 898 2129 quae
911 2051 992 2106 enim
1007 2048 1103 2126 gloria
1114 2048 1211 2107 hlium
1224 2068 1243 2107 a

138 2143 224 2211 patre
247 2131 406 2214 superer-ii
442 2144 472 2193 at
488 2151 599 2214 magna
620 2156 638 2193 e
661 2146 773 2196 contra.
815 2131 1086 2210 Phbu-16:
1111 2133 1243 2192 Ama
1338 2135 1340 2140 ,

140 2217 259 2277 Bassus
278 2220 396 2278 iuvenis
418 2218 535 2299 (nescio
556 2241 600 2277 an
618 2219 721 2277 dicam
735 2217 818 2299 quod
828 2237 876 2275 me
886 2227 976 2295 pater
988 2227 1017 2275 et
1031 2219 1139 2275 natue
1151 2229 1180 2275 et
1191 2218 1243 2276 di-

139 2324 204 2362 cere
233 2305 336 2382 cupit,
370 2303 565 2363 adolescentis
585 2303 765 2363 verecundia
786 2300 887 2382 vetat)
916 2304 982 2381 iprec
1003 2313 1094 2381 patre
1123 2302 1238 2363 rubor.

138 2389 225 2446 Paul.
239 2391 362 2448 Diaron.
377 2392 417 2452 9:
438 2388 612 2448 incredibile
625 2399 670 2449 est
683 2399 845 2470 quantum,
870 2408 959 2468 quam
971 2387 1161 2461 undabatur,
1177 2410 1241 2468 pa·

139 2483 214 2530 trem
235 2474 479 2554 (Vespasianum)
499 2476 647 2534 anteierit.
692 2476 862 2535 Nemesion.
874 2476 1035 2552 Cyneget.t
1056 2486 1241 2533 nectaream

135 2561 271 2636 primum
285 2579 363 2638 quae
375 2579 472 2638 nuper
486 2559 567 2619 bellu
581 2558 638 2618 sub
652 2570 736 2618 arcto
745 2558 852 2639 felici,
877 2560 998 2630 Οανὺιι,
1019 2579 1115 2617 uranu
1135 2560 1239 2638 couse-

138 2647 226 2716 cerr's,
247 2646 312 2723 ipso
320 2664 400 2722 pene
410 2647 496 2723 prior
504 2646 640 2725 genitore
654 2645 719 2704 dec.
764 2642 829 2704 sid.
842 2644 944 2723 Apoll.
957 2648 977 2708 7
992 2662 1040 2722 ep.
1054 2646 1086 2706 9.
1130 2642 1238 2704 claud.

137 2725 175 2788 de
198 2729 317 2793 trion.
344 2731 457 2793 consul
479 2728 519 2788 ad
537 2728 746 2791 Theodosium
765 2732 863 2808 Aug„
893 2728 946 2788 ubi
977 2729 1092 2787 multa:
1121 2729 1238 2807 aspice,

136 2815 302 2894 completur
316 2827 430 2874 votum.
461 2818 524 2874 iam
538 2827 629 2875 natus
641 2816 794 2895 adaequat
809 2826 838 2871 te
853 2816 978 2885 mauu,
1003 2825 1033 2872 et
1044 2814 1128 2893 quod
1136 2816 1237 2894 magis

136 2911 179 2958 est
203 2898 348 2979 optabile,
375 2903 478 2960 vincit.
510 2903 652 2974 Drursr.
704 2919 765 2959 nou
786 2901 1003 2973 lastinianum,
1033 2897 1116 2980 quod
1135 2901 1236 2959 visura

135 2986 328 3065 Dempstero‚
352 2997 386 3045 ut
409 2987 472 3045 eius
491 2996 581 3045 notae
605 2995 751 3066 arguunt,
772 2986 940 3064 principem
958 2984 1044 3058 dicit,
1066 2983 1120 3043 sed
1133 2987 1235 3064 ipsum

135 3072 322 3148 Augustum,
345 3091 362 3129 a
386 3090 445 3152 quo
469 3074 559 3130 ceteri
580 3068 639 3130 hoc
658 3068 780 3129 honoris
800 3089 911 3145 nornen
924 3070 1125 3130 obtinuerunt.
1166 3071 1234 3128 Au-

136 3159 215 3234 gusti
230 3176 301 3215 vero
314 3157 518 3215 memorabilis
532 3158 629 3236 pietas
643 3157 675 3214 in
690 3153 885 3237 exsequenda
897 3165 993 3214 morte
1004 3155 1075 3213 lulii
1086 3154 1232 3228 Caesada,

135 3251 167 3299 ut
182 3252 211 3299 et
225 3242 342 3300 inferiis
355 3243 384 3299 ei
397 3239 602 3320 procurandis,
624 3241 692 3317 fuit,
714 3243 798 3299 cuius
812 3243 926 3299 mentio
939 3236 1021 3318 apud
1032 3236 1232 3298 Claudianum

134 3346 263 3408 quoque.
285 3328 409 3385 Blera.
453 3328 657 3386 acclamabant
679 3326 863 3405 principibus
885 3327 988 3384 novis:
1010 3322 1138 3402 felicior
1155 3324 1231 3383 Are-

131 3424 232 3491 gustc,
253 3411 359 3470 melior
373 3414 415 3469 sis
436 3412 577 3471 ircano.
623 3409 694 3470 vide
707 3408 772 3469 Ioh.
785 3410 931 3470 sarisber.
944 3410 1118 3489 policronii
1139 3412 1176 3484 8,
1199 3420 1230 3468 st

134 3517 208 3578 quae
223 3499 326 3556 notavi
343 3496 382 3555 ad
399 3494 579 3560 Guutheri8
599 3501 631 3562 2.
674 3500 769 3556 Rrrr.

213 3585 267 3647 28.
309 3602 371 3641 uon
393 3585 603 3641 comminiscor
622 3579 697 3663 quid
714 3582 772 3641 sibi
792 3575 826 3644 ed
839 3581 929 3659 prius
951 3580 1043 3645 velit:
1071 3597 1128 3638 nec
1145 3578 1228 3637 enim

133 3669 192 3727 ullo
207 3667 298 3728 modo
313 3670 377 3726 eius
391 3671 559 3746 praesentia
576 3686 651 3745 opus
667 3676 728 3741 est,
750 3676 802 3724 aut
816 3668 976 3747 qrricqusm
990 3682 1049 3746 quo
1065 3662 1098 3722 id
1112 3663 1228 3727 refen-

133 3762 178 3811 tur
196 3763 341 3832 superest.
384 3750 440 3811 sed
451 3751 615 3833 legendum
630 3752 824 3810 arbitramur:
846 3762 882 3809 ut
889 3749 1148 3829 piuaiagrediens
1160 3768 1227 3806 cor-

128 3858 187 3914 pus
203 3837 370 3897 miserabile
388 3838 475 3898 vidit.
516 3840 589 3916 pius
609 3841 693 3896 enim
713 3839 828 3897 sivein
848 3836 916 3896 loco
936 3838 1000 3895 sive
1020 3845 1106 3894 extra
1124 3834 1226 3892 locum

132 3919 282 4000 epitheton
296 3921 424 3983 heroum
435 3934 570 3984 vetenun
584 3933 646 3997 est,
668 3942 750 4004 quos
756 3924 890 3983 imitatur
901 3919 961 3980 hoo
971 3921 1038 3980 loco
1049 3926 1151 3977 noster
1164 3918 1224 3975 Co·

131 4009 248 4086 rippus;
268 4012 317 4068 cui
328 4007 453 4090 quidem
465 4011 586 4068 uullrun
599 4027 695 4088 aeque
706 4010 845 4069 convenit
857 4019 974 4067 tamen:
995 4005 1132 4064 maxima
1142 4001 1224 4060 enim

130 4093 221 4173 pietas
235 4113 337 4153 curare
351 4093 517 4154 defunctos.
539 4092 721 4154 Prudentius
734 4093 849 4174 hymno
862 4091 1046 4172 exsequiali:
1063 4088 1139 4147 haec
1148 4107 1225 4164 pro-

129 4176 198 4239 vida
225 4178 470 4241 etcuueotarum
488 4183 589 4260 pistae
610 4179 721 4253 studet,
743 4189 843 4260 utpote
861 4177 982 4239 credun
994 4175 1067 4256 fhre
1083 4174 1225 4253 protraat
