2750 4625
205 997 743 1182 ‚rnnannams
783 1059 1131 1172 ιιιιιιιιιι

456 1266 926 1363 PRAEFATIO.

601 1521 753 1529 „.-—--—-

140 1692 226 1831 Qui
243 1729 311 1801 hoe
331 1731 500 1804 volumine
521 1731 854 1827 comprehendantur
874 1736 1062 1824 metasset
1070 1737 1180 1801 aetate
1202 1740 1244 1802 οι

139 1855 343 1945 agamemn
360 1851 447 1923 inter
468 1875 504 1923 se
523 1853 663 1942 similes5
691 1849 979 1920 concameratum
994 1852 1140 1921 abestnt
1152 1873 1236 1945 per-

136 1970 218 2040 inde
237 1969 417 2041 habuerint
435 1974 633 2066 propitiam,
658 1983 697 2041 ιι
714 1970 943 2040 Merobaudes
965 1971 1065 2041 'simui
1083 1969 1240 2042 'inventus

137 2089 181 2159 ait
193 2099 229 2159 ei
242 2091 469 2180 sollertissime
482 2103 552 2162 ιιιιι
567 2081 761 2167 emendatus
776 2116 876 2182 quam
890 2071 1076 2188 suppletus,
1093 2085 1238 2186 Corippi

138 2220 293 2280 nentrum
314 2197 465 2303 carmen,
491 2237 555 2283 nee
573 2213 680 2305 quod
681 2223 759 2282 ante
775 2234 879 2308 annos
898 2210 1060 2284 ducentos
1072 2211 1239 2302 qninqua-

138 2331 233 2424 ginta
245 2304 454 2426 publicatum
469 2330 650 2411 maltorum
663 2334 860 2433 industriam
875 2333 1039 2420 exercuit,
1062 2354 1128 2401 nee
1144 2332 1238 2422 qnod

138 2473 251 2544 anper
273 2461 446 2546 repertam
469 2475 511 2522 ex
529 2456 627 2525 nnins
642 2456 793 2523 manibus
801 2451 963 2547 prodiit,
960 2459 1036 2518 ant
1045 2452 1146 2522 faede
1161 2453 1239 2522 satis

140 2580 199 2639 ant
215 2579 288 2640 ιιιιιι
310 2572 451 2685 legatnr.
503 2597 567 2643 nee
589 2576 717 2644 mireris
735 2564 882 2687 iniquam
903 2570 1098 2639 Africanae
1093 2594 1238 2663 poeseos

142 2691 390 2780 condicionem,
419 2694 446 2761 si
468 2694 674 2786 reputaveris
695 2694 782 2761 fetus
805 2690 874 2760 eins
894 2688 1042 2809 singulos
1061 2690 1197 2785 singulis
1219 2713 1241 2759 e

142 2806 236 2877 libris
249 2798 460 2951 provenisse?
485 2815 591 2905 iisque
604 2837 667 2882 nee
684 2812 783 2880 valde
797 2810 892 2879 bonis
907 2804 1017 2915 neque
1033 2833 1054 2877 a
1069 2833 1240 2902 qnnqnam

139 2929 297 3022 inspeetis
311 2941 391 3024 post
403 2933 530 3025 primos
545 2933 707 3019 editores,
729 2931 883 3000 homines
897 2931 1149 3017 litteratissimos
1162 2930 1239 3000 illos

139 3049 297 3141 quidem,
331 3051 392 3125 sed
419 3053 478 3144 qni
499 3052 674 3125 Niebuhrii
694 3052 865 3143 ingenium
885 3074 955 3121 non
975 3053 1239 3144 aequipararent

137 3168 262 3239 horam
274 3193 343 3265 ego
356 3171 619 3241 medioeritatem
632 3194 700 3241 non
711 3180 846 3245 erectus
858 3172 950 3240 locos
963 3180 1138 3263 correptos
1149 3194 1240 3264 pan-

140 3312 204 3358 one
222 3293 315 3384 arogi
334 3300 369 3361 et
386 3293 443 3382 qni
456 3291 727 3362 emendationem
745 3299 871 3360 certam
887 3289 1015 3359 habere
1030 3290 1241 3361 viderentur:

136 3409 257 3503 plnres
280 3411 502 3485 lachmanno
518 3400 1013 3493 restituendos-oemmdndaviq
1038 3433 1165 3504 magna
1178 3434 1240 3503 spe

136 3552 207 3600 nec
226 3529 321 3601 falsa
380 3532 617 3602 commentam
636 3531 751 3622 qando
769 3530 878 3600 inveni
896 3531 1033 3619 reliqui,
1064 3532 1127 3600 nisi
1145 3531 1240 3621 qnod

137 3649 311 3738 ordinem,
337 3650 444 3720 sicubi
464 3654 571 3722 minus
594 3650 792 3722 commodus
808 3642 910 3738 esset,
935 3636 1124 3737 inmutari,
1149 3651 1241 3720 velat

139 3770 268 3839 codicis
288 3758 485 3842 Trivnitiani
505 3774 663 3842 lectiones
685 3772 792 3840 temni
807 3770 933 3840 subieci
951 3778 985 3839 et
1000 3793 1087 3861 quae
1101 3772 1241 3841 Ruizius

136 3887 362 3984 Dempsierns
375 3892 533 3977 Barthins
547 3891 788 3963 Ritiershnsins
800 3890 971 3959 Vonckins
984 3890 1175 3985 Pogginins
1196 3889 1241 3958 de

136 4007 265 4079 eodem
283 4034 383 4082 versu
404 4012 649 4106 adscripserant
664 4036 733 4091 non
748 4036 822 4083 snm
837 4034 957 4105 passus
974 4011 1096 4081 divelli.
1148 4011 1243 4079 iocos

133 4127 363 4223 Virgilianos,
394 4155 479 4225 qnos
503 4135 664 4227 plurimos
687 4134 797 4202 attunt
817 4131 1120 4217 Mazzneehellins‚
1153 4126 1241 4196 indi-

134 4250 232 4337 cavi,
258 4273 328 4320 non
347 4260 436 4324 totos
452 4256 563 4348 posui.
613 4254 792 4346 periochas
808 4254 941 4323 alterins
956 4252 1108 4322 carminis
1122 4249 1242 4317 invitus

183 4374 288 4431 Herod.
309 4383 335 4431 ei
356 4376 417 4433 cor.
1018 4373 1032 4429 1
