2750 4625
440 227 498 294 ne
522 228 732 299 crunnus
756 229 926 303 ursam.
1160 237 1234 309 357
1273 330 1276 337 Δ

131 403 239 474 ganto.
283 393 326 452 ita
347 413 366 453 a
384 402 449 455 tota
466 396 598 455 trinitate
616 396 768 456 finnatum
788 408 833 458 est
848 398 962 458 Iustino
977 399 1148 480 imperim.
1193 406 1235 465 ita

135 480 303 539 clarescant
316 498 394 560 quas
409 500 498 539 nemo
513 479 657 541 hactenus
670 486 814 563 percepit.
842 485 968 543 Basra.
1019 482 1101 546 hunc
1114 509 1236 551 versum

134 565 260 623 mirifice
273 567 402 624 restituit
414 564 565 627 Bar-thius.
598 569 698 628 Foco.

219 648 272 715 46.
314 652 358 709 sic
371 653 549 711 Ammianus
562 654 755 712 Marcellinus
768 652 823 711 lib.
838 655 877 716 3:
909 673 983 712 uam
997 657 1162 723 caenacula
1175 659 1235 717 du·

135 734 187 793 bus
201 734 343 815 leguuuc,
364 756 443 815 quae
454 757 516 795 nou
529 738 590 796 ru‘ei
601 759 691 797 casus
704 739 868 798 ὤιονινονι
873 741 1028 816 postremi.
1052 739 1145 822 idque
1160 763 1252 803 mcxv·

134 821 231 880 tribus
247 818 380 879 declarat
393 823 552 903 exemplis.
572 825 617 882 sic
627 835 730 883 noster
742 824 889 903 corippus
903 824 982 883 inira
995 823 1015 888 4
1030 825 1092 888 274
1105 837 1135 885 et
1147 847 1234 909 seqq.

134 908 179 967 sic
200 903 415 986 prophetarum
440 926 561 988 quoque
586 911 726 969 vaticinia
752 929 770 967 a
795 911 953 989 posteriori
980 912 1079 990 potius
1102 931 1195 994 quam
1217 933 1235 972 a

134 992 227 1071 primi
239 991 468 1070 intelliguntur„
497 995 592 1054 Rsrr.

219 1073 273 1138 46.
315 1077 580 1156 legenonflerent.
605 1081 731 1138 Bsnru.
775 1097 823 1137 ms
836 1079 918 1136 enim
928 1078 1092 1153 noufimet.

221 1161 273 1225 48.
315 1160 431 1241 Sophia
452 1166 587 1242 Augusta
608 1174 673 1223 oret
693 1166 730 1222 B.
751 1165 878 1223 Mariam
896 1166 1050 1243 Virginem
1072 1163 1235 1245 deiparam,

135 1266 214 1326 quae
227 1266 327 1305 omnes
345 1258 474 1307 notumne
490 1271 598 1308 cursus
618 1251 652 1307 ιἰι
672 1250 791 1307 domum
811 1260 912 1307 nocuo
936 1250 1005 1308 Iesu
1022 1249 1138 1309 Christo
1155 1273 1238 1310 com-

131 1331 232 1411 plevit
245 1318 400 1413 (rerbffl.
412 1334 595 1414 Fulgentii),
624 1346 658 1393 ut
677 1333 816 1393 omnibus
832 1334 878 1392 ud
888 1334 1238 1416 eeccoufuge'entr'buefe-

135 1418 228 1479 masis
243 1417 422 1479 moenum
450 1440 508 1479 nec
519 1423 629 1479 mirere
645 1421 793 1501 templum
806 1421 835 1479 ei
846 1421 984 1498 Byzantii
998 1431 1153 1496 structum,
1168 1441 1237 1480 cum

134 1512 231 1563 totana
251 1505 360 1563 urbem
379 1506 445 1563 eius
464 1507 642 1586 protectioni
659 1507 859 1585 auspiciisque
874 1508 1053 1565 consecrarit
1065 1508 1237 1565 Constanti-

134 1607 193 1647 nus
207 1590 371 1668 Augustus,
392 1592 501 1650 Zonau
516 1594 535 1655 8
550 1592 673 1665 Annal,
696 1602 726 1649 et
743 1591 796 1649 illo
810 1609 884 1648 aevo
899 1592 1041 1669 apostolis
1056 1590 1172 1650 dicatas
1185 1612 1236 1650 eo-

135 1675 242 1735 clesias
254 1673 363 1753 prodat
375 1675 488 1735 Enseb.
504 1675 524 1740 4
538 1678 590 1752 59,
613 1687 643 1735 et
656 1677 838 1756 martyribus
852 1677 891 1734 D.
905 1679 1067 1755 Augustin.
1081 1678 1170 1737 eicit.
1186 1675 1236 1736 dei

136 1760 154 1821 1
180 1764 209 1824 1.
250 1762 393 1820 Dsursr.

219 1845 273 1910 62.
315 1847 360 1905 sic
375 1846 505 1905 crebrius
513 1843 681 1905 Christiana
694 1846 867 1926 antiquitas.
889 1843 1073 1907 Claudianus
1084 1846 1236 1928 epigram·

134 1932 242 1989 matis:
263 1941 335 1990 ncta
351 1942 421 1990 mae
444 1932 608 2011 rusumque
626 1951 748 2008 parem.
793 1933 952 2006 Damasus,
974 1942 1008 1990 ut
1024 1933 1139 2007 volunt,
1160 1933 1236 1991 Elo-

135 2018 209 2094 giis:
239 2018 428 2096 urnuptaque
447 2026 544 2074 muter
561 2037 674 2075 arcano
693 2018 810 2092 stupuit
830 2016 973 2094 compleri
991 2017 1107 2075 viscera
1126 2027 1237 2093 partae,

134 2112 287 2159 auctorem
294 2105 438 2180 paratura
452 2122 553 2161 suum.
598 2102 780 2160 Venantins:
804 2098 1097 2178 portcncfubricato
1105 2099 1238 2178 fabrum

133 2197 226 2266 atque
238 2186 375 2245 bumaria
389 2196 556 2258 sorianum,
578 2184 702 2264 or'rgnda
721 2185 867 2255 radicem,
888 2185 983 2264 facto
996 2186 1125 2243 creontis
1137 2205 1233 2264 opem.

135 2273 260 2332 Basra.

220 2356 263 2416 ib.
306 2366 379 2415 nota
401 2355 623 2414 invocationem
643 2354 772 2431 Mariae,
806 2356 965 2416 Iustiniani
985 2373 1059 2415 aevo
1083 2356 1146 2415 iam
1170 2366 1236 2416 tuns

135 2453 298 2520 receptam.
340 2443 436 2502 Rrrr.

222 2525 275 2591 58.
317 2525 447 2602 spaerula
458 2543 533 2590 aevo
546 2525 604 2583 isto
618 2533 648 2582 et
658 2525 828 2584 auctoribus
840 2520 930 2585 huius
942 2525 1060 2604 macris
1073 2526 1234 2604 singulare,

137 2613 300 2686 eximium,
329 2612 413 2669 velut
431 2612 497 2669 sine
518 2610 675 2688 exemplo,
703 2610 867 2689 significat,
896 2621 930 2672 nt
944 2611 1027 2669 alibi.
1070 2613 1183 2689 Paneg.
1202 2613 1236 2669 in

135 2699 242 2756 Anast.
255 2717 285 2755 r.
297 2698 338 2761 87
345 2713 354 2754 ι
375 2697 478 2754 miseri
489 2694 657 2771 specialiter
668 2694 748 2774 Afri
756 2697 790 2754 s‘n
799 2706 828 2754 u
837 2695 938 2754 oculos
949 2707 1040 2775 atque
1052 2716 1106 2754 ora
1111 2695 1232 2775 serunt.

136 2784 274 2841 Ruricius
288 2786 308 2847 8
323 2801 371 2860 ep.
387 2784 439 2855 82,
461 2785 513 2854 88,
535 2778 587 2855 sl,
609 2780 650 2845 85
667 2792 697 2840 et
715 2784 767 2846 89.
809 2783 851 2840 ita
863 2783 1029 2842 mnumeris
1045 2781 1120 2842 locis
1134 2783 1235 2841 lvonis

136 2869 290 2947 epistolae,
307 2867 389 2925 Petri
403 2868 477 2925 item
490 2866 706 2942 Cluniacensis,
719 2864 848 2926 Goffridi
860 2866 1101 2943 Nindocinensis,
1116 2877 1146 2927 ct
1161 2867 1239 2926 alio·

136 2963 214 3012 runt.
254 2955 381 3012 Basra.

219 3037 272 3103 65.
314 3037 439 3096 credula
451 3045 497 3097 est
509 3035 768 3112 credemfidem,
783 3047 817 3097 nt
831 3056 975 3118 persaepe
990 3038 1022 3095 in
1035 3037 1134 3117 poetis
1148 3032 1237 3096 Clari-

136 3123 252 3183 stienis.
293 3125 420 3183 Barca.

221 3210 274 3272 60.
315 3211 395 3266 servi
401 3208 510 3288 foma
527 3217 573 3267 est
587 3227 628 3267 ex
642 3204 758 3288 hymno
772 3207 1010 3286 Ambrosii-qui
1027 3226 1068 3265 ex
1078 3207 1114 3263 B.
1129 3206 1236 3265 Paullo

136 3293 306 3352 transtulitt
331 3291 435 3352 beauce
446 3303 552 3352 amtor
563 3292 678 3352 saeculi
691 3292 797 3350 servile
807 3312 916 3369 corpus
927 3291 1038 3349 indm.
1062 3293 1187 3351 Basra.

109 3382 113 3386 ’
220 3382 273 3444 62.
316 3376 525 3437 scribendum:
550 3398 609 3456 pro
628 3379 722 3435 tantis
739 3372 919 3455 (benedicto)
940 3373 1035 3434 horus:
1063 3372 1236 3455 parenthesi

137 3464 220 3522 enim
233 3463 349 3523 inclusa
361 3482 423 3522 vcx
435 3461 543 3522 alludit
561 3459 711 3542 hymnum
721 3460 914 3520 Elisabethae
929 3472 965 3536 et,
974 3463 1141 3539 angelicam
1158 3480 1236 3541 quo-

137 3568 195 3630 qne
211 3548 432 3609 salutationem.
476 3558 612 3607 estsere
634 3544 851 3625 geniushaius
873 3566 909 3606 eo
928 3565 1002 3606 aevo
1024 3567 1085 3606 non
1100 3556 1236 3606 contem-

136 3633 229 3693 nendi
244 3636 395 3716 scriptoris
416 3634 454 3693 ob
472 3630 507 3691 id
525 3629 687 3708 amandus,
717 3629 800 3713 quod
813 3635 861 3692 sui
873 3652 965 3713 quam
978 3633 1150 3692 simillimus
1165 3632 1235 3690 ubi-

137 3739 196 3799 que
210 3731 264 3797 est,
281 3740 376 3796 more,
396 3720 447 3778 vel
459 3729 565 3778 natura
579 3719 697 3798 potius,
718 3736 906 3778 summorum
920 3728 1076 3810 auctorum
1087 3718 1235 3777 aemulus.

136 3807 259 3864 Birra.

221 3893 274 3955 67.
316 3889 467 3969 <Inpositis
478 3885 537 3949 hoc
548 3900 595 3950 est
608 3888 755 3959 consiliu,
777 3888 1003 3962 monitionibus,
1026 3887 1150 3966 coeptis.
1192 3886 1236 3942 sic

140 3976 158 4036 1
176 3970 237 4039 tta
252 3993 292 4033 ex
302 3978 397 4034 veteri
407 3976 485 4035 libro
499 3976 611 4055 optime
625 3975 886 4036 restituitRuizius
892 3975 1068 4051 Assagrius:
1091 3971 1237 4049 &positu

140 4077 213 4114 nom
229 4058 339 4117 Coeunr
351 4082 428 4119 erce.
473 4063 599 4121 Bam.
625 4115 626 4120 ,

225 4144 278 4205 69.
320 4154 454 4205 mamers
467 4147 596 4206 tutelam
613 4144 772 4225 significat.
815 4143 985 4204 toroculum
998 4147 1085 4199 vocat
1098 4134 1237 4197 Pruden-

141 4227 200 4287 tius
212 4226 269 4288 lib.
283 4230 305 4292 2
321 4228 354 4287 ia
367 4229 601 4311 Symmachum:
631 4233 708 4311 quin
725 4241 755 4288 et
771 4227 944 4309 corporibm
955 4235 1055 4286 versut
1067 4244 1150 4283 mem
1166 4224 1238 4284 viva
1291 4255 1294 4262 ·
