2750 4625
445 285 503 352 DE
528 280 735 350 Leonteus
759 279 927 349 rostitit.
953 296 958 317 ¹
1159 279 1235 352 297

140 469 201 531 que
222 448 324 529 paullo
344 450 442 529 magis
454 449 608 515 ¹sollicitor
630 465 697 506 erse
718 443 843 505 decebat
865 446 1145 506 commentariourm
1159 449 1234 507 seria

139 547 249 615 ptores.
270 536 396 598 nmen.
437 536 572 612 Assagrii
591 535 757 591 coniectura
772 530 824 590 hic
835 551 890 611 pro
902 535 1031 592 auuoria
1045 533 1143 591 verbis
1156 533 1234 612 legi·

140 631 200 678 tur.
243 638 299 698 ego
314 640 403 695 vero,
425 618 507 701 quod
522 620 574 677 ille
586 618 668 693 vult,
690 619 815 677 minime
829 636 918 696 portu
935 616 974 676 tle
987 620 1121 677 Avarum
1135 629 1234 696 grate,

140 703 196 765 aed
213 703 250 764 de
268 707 471 764 Romanorum
490 705 619 763 victoriis
640 722 811 763 sermonem
831 722 898 762 asse
912 702 1055 778 arbitror,
1076 705 1130 783 qui
1144 705 1236 764 Getas

140 792 270 849 anoos
283 787 415 870 Gepidaa
428 786 641 868 Langobardos
653 791 768 848 mutuis
784 786 927 847 caedibus
941 788 1062 867 suisque
1077 789 1236 848 virtutihni

140 877 288 934 attrivisse
304 874 452 934 dicuntur.
486 884 520 934 tu
533 883 666 933 veterem
672 874 837 932 lectionem
848 874 975 953 corippo
986 875 1118 947 millae,
1133 870 1237 932 addita

141 971 213 1019 nota
224 958 444 1038 interrogandi,
465 961 508 1019 ita
521 968 622 1018 tamen
636 968 671 1017 ut
688 977 730 1017 ex
740 962 784 1020 rei
796 960 921 1019 veritate
937 960 1044 1030 rietur,
1063 977 1126 1017 nou
1142 959 1237 1018 aanor

141 1045 304 1126 legendum
317 1046 477 1105 arhitrerls.
518 1045 644 1104 illurn.
1208 1044 1227 1071 '·

227 1132 277 1197 10.
320 1140 462 1209 regnante
480 1127 653 1188 Theodosio
668 1128 802 1207 Hispano
818 1147 865 1187 res
884 1146 1012 1207 magnae
1029 1144 1098 1187 omn
1111 1129 1234 1189 liranus

142 1224 244 1294 gestae
264 1234 282 1274 a
302 1218 410 1274 comite
431 1212 605 1274 Stilichone.
649 1216 741 1277 exciti
759 1214 808 1273 illi
825 1234 843 1271 e
858 1211 1017 1272 Maeotidis
1033 1213 1176 1287 caninio,
1199 1226 1234 1272 aa

141 1301 274 1380 primum
292 1298 333 1359 ad
353 1303 495 1360 Moenum
513 1302 546 1358 in
563 1301 723 1358 Germania
742 1297 955 1375 consederant,
984 1309 1089 1378 postes
1110 1301 1234 1357 traiecta

141 1382 248 1444 Rheno
266 1386 379 1445 Gallias
400 1395 597 1464 occuparunt3
624 1384 732 1465 qulbus
746 1382 889 1458 ducibus,
911 1403 971 1464 quo
983 1403 1139 1459 successu,
1161 1382 1235 1465 quid

142 1489 161 1527 a
174 1472 316 1529 Romanis
331 1473 369 1529 iis
384 1490 557 1530 conoessruu
569 1471 771 1549 principibus,
793 1472 909 1550 quoties
924 1467 1116 1543 dimicatum
1137 1467 1234 1529 histo·

144 1557 214 1630 rici,
236 1566 267 1614 et
290 1576 331 1614 ex
351 1558 389 1616 iis
412 1554 549 1629 abunde,
570 1565 605 1613 ut
628 1574 732 1635 spero,
751 1553 854 1613 dicam
873 1552 913 1613 arl
928 1552 1008 1613 illud
1028 1553 1186 1613 (llaudlani
1202 1557 1235 1612 ia

142 1641 322 1720 Eutropium
339 1644 372 1703 lt
392 1641 571 1719 unte-pedes
589 1640 700 1698 tremui
715 1640 846 1699 aiom.
889 1649 921 1698 at
940 1637 978 1697 de
993 1638 1075 1698 laud.
1091 1636 1236 1699 &moto

142 1727 191 1783 uis
209 1731 247 1787 1:
274 1724 398 1786 Gallica
413 1726 599 1783 mmmm
616 1734 731 1783 moles
743 1734 881 1785 amenta
886 1734 1054 1803 pererrant.
1096 1727 1237 1783 muniuit

141 1810 250 1873 misai
270 1809 333 1874 254
347 1815 410 1875 ets
431 1810 505 1875 385.
546 1811 689 1870 Drurar.

230 1899 279 1959 11.
323 1895 467 1956 adomim
481 1914 542 1953 non
559 1914 679 1974 prorsus
695 1892 862 1953 subiectum
876 1893 1001 1953 victor-ha
1017 1889 1152 1953 denotet.
1192 1895 1237 1953 rie

144 1976 183 2038 (ie
196 1978 307 2038 iisdem
325 1983 345 2043 3
366 1978 439 2045 384.
481 1982 542 2057 ita,
563 1990 647 2038 more
661 1979 780 2058 Virgilii
793 1987 823 2036 et
839 1979 967 2038 aliorum
981 1989 1182 2054 summatum,
1204 1998 1237 2039 se

142 2064 243 2146 ipsum
255 2063 306 2123 hic
321 2083 439 2146 quoqne
451 2071 540 2144 potita
556 2065 733 2124 aemuletur.
775 2066 900 2122 Baarrr.
1030 2124 1037 2141 ¹

229 2152 279 2212 12.
321 2148 607 2230 langobardam]
640 2152 737 2207 amica
759 2145 835 2206 haec
858 2164 932 2225 gens
949 2146 1092 2206 Romania
1112 2143 1185 2203 dum
1204 2147 1238 2203 in

143 2235 298 2294 Pannonis
312 2232 444 2314 (legeret,
463 2237 628 2295 Iustiniana
641 2235 786 2313 principe.
830 2250 908 2289 anuo
921 2250 995 2290 vero
1007 2228 1175 2291 dominicae
1187 2232 1238 2288 in-

144 2321 327 2379 carnationis
346 2320 409 2387 668
429 2321 485 2380 oal.
505 2322 601 2399 April.
622 2336 742 2397 egressa
758 2319 923 2377 Pannoniis
942 2320 1040 2396 eoepit
1054 2313 1191 2397 praedari
1205 2319 1239 2375 in

144 2406 242 2466 ltalia.
262 2405 349 2463 Paul.
358 2406 482 2464 Diacon.
491 2405 543 2464 lib.
554 2407 604 2467 16.
625 2406 686 2462 soio
703 2404 777 2462 alios
793 2403 880 2461 aliter
894 2413 1065 2482 supputare.
1096 2404 1238 2462 liaursr.

229 2486 272 2547 ib.
316 2485 375 2547 hoo
394 2490 460 2548 loco
479 2499 596 2547 tantmn
612 2488 741 2567 Gepirlea
755 2489 797 2545 ita
813 2489 846 2546 in
858 2497 959 2546 nostro
973 2506 1021 2547 ms
1037 2485 1139 2546 codice
1159 2489 1238 2566 legi-

145 2583 212 2647 tur,
232 2591 303 2631 cum
316 2573 390 2631 elias
412 2575 545 2654 Gypida
562 2593 681 2652 semper
695 2574 821 2660 legatur.
865 2582 998 2631 ceterum
1007 2581 1112 2631 mutua
1124 2581 1238 2651 attagen

145 2659 226 2716 inter
246 2656 460 2737 Longcbardos
481 2670 511 2718 at
533 2657 664 2739 Gepidas
687 2677 748 2717 uon
765 2676 801 2716 ea
816 2675 894 2738 quae
908 2659 972 2716 iam
988 2658 1044 2717 auh
1059 2659 1238 2736 imperatore

145 2744 311 2802 Iustiniano
323 2746 406 2823 prius
418 2744 497 2802 iacta
507 2753 562 2818 est,
585 2746 728 2823 cuiusque
739 2745 877 2802 meminit
888 2745 1051 2823 Procopius
1062 2744 1238 2802 Caesarian-

145 2829 188 2888 sis
203 2825 241 2885 de
257 2827 339 2886 bello
352 2827 444 2888 Goth.
459 2832 495 2904 8,
516 2826 713 2907 intelligenda
726 2826 861 2902 videtur,
883 2825 937 2886 sed
953 2847 1030 2910 qnae
1040 2838 1146 2908 postea
1159 2846 1237 2886 anno

146 2922 234 2972 sexto
258 2915 378 2994 imperii
402 2916 509 2973 luatini
532 2917 675 2993 contigit3
707 2913 761 2972 ubi
785 2911 914 2994 Gepidea
938 2933 1009 2982 curn
1030 2911 1238 2972 euniemande

145 2999 280 3077 ipsorum
291 3017 362 3077 rege
375 3018 392 3056 a
405 2997 611 3077 Longobardis
627 2996 762 3058 funditus
775 3008 845 3057 sumt
856 2997 947 3057 deleti
958 3000 1093 3079 regiique
1105 2996 1238 3057 thessari

147 3079 188 3142 ad
208 3084 355 3142 lustinum
378 3085 496 3164 cpolim
517 3082 666 3163 perducti,
690 3095 723 3143 ut
746 3094 911 3143 auctorest
934 3085 1034 3144 Viator
1054 3084 1238 3142 Tunnenais.

146 3168 240 3225 liurz.
283 3167 473 3229 occidentalis
486 3167 626 3251 Scythiae
640 3170 772 3244 incolae,
795 3189 836 3228 ex
848 3166 1015 3228 Gothorum
1025 3169 1163 3248 prosapia
1175 3177 1239 3225 tra-

146 3249 254 3311 hentes
275 3254 437 3330 originem,
459 3257 591 3314 convicio
606 3259 691 3334 gravi
708 3258 751 3313 sic
769 3256 987 3333 cognominatir
1008 3271 1081 3311 nam
1099 3253 1240 3330 &sperata

146 3334 268 3394 tardum
290 3339 468 3419 pigrumque
490 3337 612 3399 denotat
627 3338 771 3399 idiomate
788 3336 923 3397 Gothico
966 3335 1106 3396 lornand.
1121 3335 1158 3396 rie
1175 3337 1239 3396 rab.

147 3421 216 3480 Get.
232 3419 287 3481 sed
303 3421 469 3482 audiendus
483 3426 632 3483 Diaconns
647 3425 701 3483 lib.
717 3423 772 3487 14:
799 3423 894 3482 Gothi
909 3423 1089 3502 Hypogotlri
1110 3423 1240 3501 Gepida

148 3516 178 3565 et
193 3506 342 3580 Vandali,
363 3529 470 3568 nomm
486 3520 604 3568 rantum
618 3519 646 3566 et
659 3508 740 3568 nilrr'l
752 3508 842 3567 aliud
852 3519 1014 3579 mater,
1034 3506 1090 3567 snb
1102 3508 1240 3566 Arcadio

148 3602 177 3649 et
196 3593 333 3652 Honorio
355 3592 535 3654 Danubium
553 3604 736 3652 nauseantes
751 3593 843 3651 locati
854 3604 927 3652 cunt
938 3595 973 3651 in
989 3603 1067 3652 tom
1085 3593 1241 3652 Romaio-

148 3698 230 3750 rrrm;
251 3689 280 3736 et
305 3679 448 3757 Gapulaa,
468 3697 505 3736 en
524 3659 831 3759 quibuada'vi'rr'aunt
843 3678 1033 3754 postmodum
1046 3678 1244 3759 longobardi

150 3772 178 3819 et
192 3762 326 3835 Avares,
340 3764 433 3823 vaae
446 3783 525 3844 qruse
538 3775 611 3822 suot
623 3766 706 3822 enea
721 3763 915 3843 Singidmoem
925 3763 1106 3823 bobium.
1152 3774 1241 3843 atqua

150 3843 225 3905 haec
238 3847 361 3929 quidem
376 3850 432 3908 sub
448 3847 622 3910 Theodosio
637 3852 757 3908 iuniore
770 3847 891 3909 Arcadii
905 3851 967 3909 lilio
983 3860 1066 3928 gesto
1081 3859 1168 3908 eum:
1190 3848 1241 3905 si-

150 3932 288 4009 gebertus
299 3935 332 3992 in
346 3933 457 3995 Chron.
473 3932 615 3994 Sidonius
626 3936 759 4015 Apollin.
775 3954 865 3993 caran.
873 3939 893 3998 7
901 3952 910 3993 z
927 3953 1101 4015 pugnacem
1113 3933 1242 4010 Rugum

150 4018 308 4076 oomr'tonte
335 4021 447 4079 Gelono
471 4019 590 4100 Gepida
612 4030 681 4078 oren
698 4023 840 4101 seqnitur.
886 4020 1001 4078 bellum
1021 4017 1071 4077 hio
1091 4021 1242 4095 signatum

150 4119 192 4158 ex
210 4100 316 4161 eodem
333 4107 466 4164 Diacono
486 4104 651 4184 petendum
664 4105 718 4164 lib.
735 4108 793 4172 16:
814 4125 886 4165 narn
902 4106 1047 4163 Alboinun
1066 4100 1241 4180 Longobar»

151 4183 259 4245 dorum
270 4205 326 4245 rex
333 4191 542 4250 »Tenendum
554 4191 738 4270 Gepidarurn
751 4211 853 4269 regem
864 4191 978 4269 proelio
989 4189 1150 4267 superarit,
1162 4196 1242 4248 stre-

150 4290 210 4331 nua
223 4271 344 4332 alboin
359 4274 415 4335 lilii
429 4278 477 4335 sui
492 4274 612 4337 adiectus
630 4296 734 4357 opera.
773 4276 929 4356 legebatur
948 4284 1049 4334 entem
1064 4274 1101 4331 in
1119 4273 1241 4355 antiqno
