2750 4625
452 228 511 297 ns
533 225 742 296 nummus
768 180 937 297 ursuni.
1063 166 1067 170 ⁸
1168 229 1244 305 sco

147 391 272 477 quidem
285 390 377 454 babet
390 391 466 456 silv.
482 395 500 458 1
515 390 555 470 4,
576 412 655 475 quse
666 389 717 454 bic
731 403 849 455 nosters
870 414 924 455 nec
938 392 1057 456 &mea
1073 396 1160 457 deae
1175 398 1241 478 Py·

147 500 230 553 rene,
250 480 475 561 lorgrupots'us
494 478 701 561 mr'lse‘grarges
721 478 952 561 bebousmeque'
969 482 1241 563 rupitnrdsfimte

147 576 208 625 uec.
253 585 310 626 nec
330 575 376 626 est
395 585 449 627 our
468 564 583 624 laboret
604 566 651 625 rir
670 562 775 627 doctus
795 567 984 643 Bernartius,
1006 586 1075 627 cum
1087 569 1120 627 in
1135 565 1238 629 codice

146 651 400 730 Argentoratensi,
422 651 475 730 qui
486 666 580 733 penes
595 669 646 709 me
660 661 715 726 est,
736 651 779 710 ita
792 651 919 732 legetur,
940 650 1132 713 meoiudicio
1148 664 1239 717 recte.

146 734 239 795 fidem
252 736 367 796 faciunt
379 730 515 794 eiusdem
532 735 670 796 lectionis
687 734 831 796 editiones
844 738 975 798 Venetae
990 745 1021 795 et
1032 737 1237 800 Florentinae:

148 818 624 903 ...lorgospotusms‘hs'gwgas,
644 818 1156 904 beluustmquircps'turdefints
1173 834 1233 884 tuo.

143 906 287 968 llrxrsr.

231 990 284 1057 47.
327 986 478 1072 quomodo
489 992 545 1052 snb
558 992 681 1051 nomine
700 991 796 1054 riusdi
810 1001 906 1073 gestat
920 990 1062 1081 principis
1077 990 1236 1052 officium'l

145 1076 259 1135 vellem
273 1078 473 1156 explicassent
491 1079 550 1137 ista
566 1080 752 1158 interpretes.
794 1077 849 1139 sed
862 1075 952 1136 nihili
966 1097 1013 1136 res
1030 1087 1089 1136 estt
1111 1080 1137 1137 si
1155 1080 1238 1137 enim

145 1162 289 1241 principis
300 1162 432 1221 officium
444 1173 551 1243 gestat,
572 1145 714 1243 principle
728 1163 783 1223 sub
796 1166 919 1223 nomine
933 1171 1044 1241 gestat,
1065 1181 1127 1222 non
1143 1181 1237 1244 quae-

145 1247 245 1306 storis.
288 1256 320 1307 at
335 1248 467 1307 officium
479 1251 622 1329 principis
635 1247 685 1308 bic
696 1248 875 1309 beneficium
887 1250 954 1327 cepi
966 1245 1069 1323 debet,
1099 1246 1139 1305 ud
1155 1246 1238 1328 quod

145 1332 265 1410 penitus
277 1329 504 1412 adipiscendum
521 1336 693 1394 auctoritate
708 1337 872 1416 quaestoris
886 1352 960 1413 opus
974 1330 1113 1392 habebat.
1135 1335 1237 1412 itaqua

87 1470 93 1483 ,
144 1418 209 1476 iam
230 1417 285 1476 sub
308 1420 430 1477 nomine
448 1416 538 1477 huius
558 1440 591 1479 se
613 1428 732 1499 gustare
752 1421 929 1479 suavitatem
946 1420 1046 1497 regiae
1067 1419 1133 1498 opis
1153 1415 1238 1476 dicit.

145 1498 226 1560 nihil
236 1503 345 1562 certius
360 1521 452 1584 quam
467 1503 675 1564 scribendum:
696 1503 753 1564 arob
766 1507 853 1563 enisu
867 1496 985 1562 cordine
994 1512 1094 1582 gusto.
1139 1503 1239 1581 impe-

146 1595 239 1649 trarat
251 1588 333 1646 enim
345 1589 409 1647 iam
421 1593 519 1669 regias
530 1590 662 1665 litteras,
686 1608 761 1671 quas
777 1587 828 1648 hio
843 1587 929 1647 offert
943 1589 1110 1663 Anastasio,
1132 1597 1167 1645 ut
1182 1585 1239 1646 do-

147 1681 216 1731 cent
227 1669 445 1753 praecedentia.
488 1674 642 1755 eleganter
652 1692 723 1733 vero
738 1692 779 1731 ex
790 1693 844 1734 suo
856 1692 938 1732 mors
950 1670 1028 1731 dixit
1037 1681 1148 1750 poto,
1170 1691 1240 1731 cum

145 1757 253 1836 plenus
270 1758 384 1818 fluctus
409 1759 547 1818 beneficii
566 1755 703 1819 nondum
720 1757 898 1818 advenisset.
943 1759 1028 1816 etita
1043 1760 1238 1837 imperatores
1305 1784 1311 1791 =

146 1843 236 1902 aliire
253 1844 402 1922 principes
424 1853 559 1922 gustasse
577 1846 739 1925 imperium
753 1841 909 1919 dicuntum,
936 1844 990 1923 qui
1004 1842 1089 1901 brevi
1103 1853 1238 1922 tempore

145 1923 352 2006 possederunt.
373 1929 499 1990 Bonos.
541 1930 675 1989 rimlum
687 1927 765 1987 mibi
777 1927 897 1989 ridetur
910 1925 1008 1986 dicere
1022 1946 1091 1988 suos
1104 1929 1186 2006 ipsos
1199 1925 1237 1985 da

145 2009 286 2072 laudibus
299 2016 487 2093 imperatoris
501 2018 608 2075 luscini
622 2012 727 2075 libros.
768 2012 825 2072 sub
846 2014 933 2071 emes
954 2013 1085 2081 nonum,
1104 2009 1163 2071 hoc
1181 2020 1236 2088 est,

145 2100 231 2157 cuius
245 2101 419 2158 auctoritate
432 2119 487 2159 seu
498 2100 640 2175 oonsilio,
668 2109 721 2158 aut
734 2100 762 2157 si
774 2100 888 2171 maris,
918 2114 978 2176 quo
990 2106 1125 2173 patrono.
1168 2094 1238 2155 vida

145 2182 225 2243 luftu
240 2184 258 2246 1
276 2183 326 2248 15.
348 2185 448 2245 Bous.
487 2188 582 2265 gesto]
603 2173 710 2262 urgit.
723 2185 801 2241 Aen.
821 2182 933 2243 1319:
954 2181 1081 2259 virginis
1098 2199 1130 2237 os
1149 2179 1239 2238 bobi-

145 2277 395 2348 mosquegerens.
441 2279 472 2330 et
486 2274 508 2336 2
521 2272 581 2335 89:
612 2278 641 2327 et
660 2287 714 2327 noe
734 2263 901 2348 aliquunde
917 2283 1080 2344 sumereque
1093 2263 1240 2346 decsaqrse

143 2356 301 2434 gessimus.
345 2355 445 2414 Foco.

230 2437 283 2503 48.
310 2456 417 2517 gerens
428 2440 571 2499 nimirum
582 2457 742 2520 personam
749 2437 857 2518 poi'toe
870 2457 924 2498 seu
934 2436 1141 2517 panegyristae
1154 2436 1240 2516 prin·

147 2522 223 2601 cipis
237 2524 364 2601 Augusti
376 2526 563 2605 imperatoris
577 2528 724 2620 lustinix
734 2527 768 2582 in
782 2522 861 2582 hanc
874 2525 1054 2584 sententiam
1068 2522 1156 2579 facile
1170 2541 1239 2580 me-

147 2626 218 2665 cum
236 2606 310 2683 ibis,
339 2611 366 2668 si
385 2612 519 2670 conferas
541 2616 557 2674 1
578 2616 609 2676 7.
651 2607 833 2669 Claudianus
854 2609 887 2667 ln
904 2608 1028 2688 praefat.
1044 2604 1239 2686 Epithalamii

146 2689 276 2750 Palladii
293 2702 323 2752 et
337 2695 508 2755 celerinae:
531 2715 651 2753 carmos
665 2715 750 2754 antor
758 2695 883 2774 generi,
904 2693 997 2752 soceri
1008 2692 1170 2751 reverenda
1178 2712 1239 2769 po·

147 2778 218 2849 scu,
238 2778 334 2857 officio
350 2782 443 2854 votis,
465 2780 569 2839 ncilitu
583 2779 731 2859 obsequio.
755 2781 854 2839 Foco.
897 2776 936 2837 de
956 2778 1053 2836 officio
1070 2778 1104 2834 in
1125 2777 1237 2856 palatio

146 2859 257 2922 isthinc
280 2866 443 2925 coniectato
470 2885 532 2926 non
551 2864 720 2925 accedimus
741 2863 911 2924 doctissimo
929 2865 1115 2941 Dempstero.
1158 2862 1237 2920 bona

146 2966 218 3007 vero
231 2948 407 3028 simplicitas
420 2954 454 3010 in
467 2949 557 3011 huius
570 2955 676 3031 postas
691 2951 760 3011 stilo
772 2948 850 3009 mihi
860 2949 959 3029 potior
972 2959 1016 3008 ost
1030 2949 1159 3006 aliorum
1174 2949 1239 3004 eius

148 3033 214 3090 aeri
227 3031 437 3096 semibarbaris
450 3035 698 3096 adfectationibus
711 3034 886 3116 granditatis
902 3044 932 3093 et
944 3030 1128 3092 eruditarum
1138 3041 1239 3089 trans-

147 3116 307 3195 lationum,
343 3140 421 3203 quae
446 3139 508 3182 nno
528 3141 618 3201 saepe
637 3122 730 3181 verbo
752 3128 945 3201 corrumpunt
964 3119 1136 3177 universam
1155 3115 1239 3175 relut

147 3199 498 3268 studiosenarrationem.
539 3209 662 3267 Bassus.

83 3368 85 3370 ι
230 3289 457 3353 Assunsruu
484 3311 595 3354 cessus
615 3308 825 3353 maronicum.
879 3289 1011 3349 lustinus
1037 3285 1152 3366 mluffls
1185 3285 1238 3366 (1¹¹5

147 3381 178 3432 et
198 3372 362 3452 secundm,
397 3378 569 3437 Dulcissimi
588 3378 667 3438 filius
689 3376 834 3458 (8182),
868 3374 1025 3434 iustiniani
1044 3370 1173 3450 Augusti
1198 3389 1239 3428 ex

146 3462 413 3540 sororeVigiluntie
425 3482 530 3542 nepos,
545 3464 581 3522 ab
596 3463 744 3522 arrmculo
755 3462 824 3520 viro
835 3461 868 3518 in
879 3460 948 3518 aula
957 3457 1098 3518 educatus
1113 3452 1238 3538 (4190)

146 3555 179 3603 et
189 3545 335 3607 Palatinis
347 3547 452 3607 officiis
462 3550 638 3629 impositus,
659 3547 757 3607 distin
772 3556 818 3605 est
830 3544 901 3603 inde
914 3544 1107 3623 curopalates.
1147 3541 1236 3598 Paul.

145 3630 271 3689 Diacon.
291 3632 345 3691 lib.
366 3635 404 3696 16
430 3636 465 3691 in
484 3633 545 3692 fine
565 3632 733 3693 Iustiniani.
776 3627 864 3689 drmit
886 3631 920 3689 in
941 3647 1069 3688 uxorem
1092 3622 1237 3704 Sopbiam

144 3712 326 3777 Theodorus
342 3717 495 3797 Augustae
509 3729 651 3799 neptem,
680 3735 773 3799 quam
789 3725 955 3776 consortem
971 3715 1092 3793 imperil
1112 3728 1237 3772 eorona-

147 3797 356 3879 tsmadseivit,
371 3804 409 3864 ab
421 3804 496 3863 urbs
512 3802 631 3864 wudu
648 3804 740 3877 1318,
756 3812 872 3880 apertu
885 3800 1038 3860 salutifero
1053 3797 1126 3863 558·
1138 3795 1237 3872 Ρ1110οῒ

75 3936 88 3961 Α
148 3887 228 3943 enim
239 3887 365 3948 Diacoui
382 3891 570 3971 supputatio,
601 3908 698 3971 aqua
717 3885 859 3947 recedunt
872 3888 929 3946 riri
946 3884 1075 3945 maximi
1091 3890 1122 3939 et
1131 3878 1237 3937 lustiul

78 3977 83 3982 ’
148 3970 405 4051 inaugurationem
421 3987 538 4057 ponunt
555 3977 589 4034 in
608 3993 687 4033 anno
710 3973 815 4034 salutis
836 3971 910 4038 666·
951 3971 1037 4032 initio
1056 3965 1238 4045 prindpfllffl

99 4083 101 4086 v
149 4055 216 4133 pius
233 4055 364 4118 adicem
380 4063 534 4141 proposuit
546 4058 707 4120 catholicis
722 4059 778 4118 sub
791 4059 938 4118 aumoulc
951 4052 1161 4125 vehementer,
1180 4066 1238 4106 ns-

90 4209 97 4222 .
149 4141 298 4202 scentibus
309 4141 498 4224 baensibos,
519 4147 664 4222 turbatis3
685 4145 819 4204 liberalis
832 4154 863 4202 et
873 4145 906 4201 in
919 4159 1018 4203 sacros
1031 4134 1150 4197 ordines
1166 4152 1238 4212 pro-

83 4225 94 4244 *
148 4224 242 4287 fluns·
285 4239 388 4309 postea
406 4251 468 4293 non
486 4234 582 4293 caruit
594 4232 764 4312 suspicione
774 4227 934 4289 haeremus
945 4224 1125 4304 Pelagianos
1140 4238 1238 4281 asser·
