2750 4625
174 305 251 382 oso
506 294 943 373 normmsunons
1036 266 1038 269 ’
1164 306 1170 315 ·

173 467 306 538 nominis
318 464 384 531 dux
395 464 532 551 equitum
545 464 601 527 sub
614 463 831 530 lustinisnobi.
844 481 934 544 saepe
949 455 1274 541 laudatursProsopio

174 559 215 622 de
227 559 309 619 bello
323 551 462 618 (lotbioo.
489 554 592 614 Foro.
633 552 717 612 laesa
731 560 778 612 est
792 547 955 611 distinotio.
995 547 1110 609 scribe:
1140 565 1198 606 oso
1210 565 1274 606 non

174 642 403 725 mogum,
436 639 550 699 meritis
566 648 596 698 st
613 638 734 701 mutim
757 637 908 720 Magnus.
953 639 1169 699 communitior
1194 627 1277 693 isses

172 731 248 793 “lh
262 726 411 809 llssglffite
451 725 579 788 Bst'ffle

259 848 314 912 23.
354 844 450 906 nors‘s
463 840 631 906 rotioos'bm
644 843 753 929 optru]
774 838 946 916 mtionolb,
965 839 1020 924 qni
1034 838 1163 902 rationes
1176 837 1277 919 exigit

174 952 196 994 a
208 929 372 992 rectoribus
382 932 475 992 totius
488 932 619 1011 imperii.
631 931 728 991 lim.
769 949 875 990 sooroe
886 930 1017 988 rationes
1029 937 1099 988 sunt
1110 929 1277 1007 imperato-

174 1020 216 1078 rii
230 1013 354 1076 reditus.
395 1017 440 1076 sio
459 1014 605 1099 quioquid
626 1012 666 1076 ad
687 1016 857 1097 prinoipem
872 1013 962 1091 laoit,
990 1033 1112 1073 samm
1125 1021 1276 1071 oeusetur.

174 1100 462 1176 normanicum,
483 1099 802 1182 dampnosum,
822 1100 1141 1180 soneoulpser.88,
1162 1095 1277 1156 disulis

172 1184 371 1268 origenis,
391 1182 745 1262 &mahometh
767 1179 1278 1262 etmilleoltainsotoboepor-

175 1282 270 1333 mate.
289 1273 418 1332 Bsaru.
442 1281 579 1352 sumptos
592 1271 685 1331 annui
698 1270 879 1354 reipublioaa
895 1270 970 1330 olim
984 1288 1004 1328 a
1021 1268 1155 1345 oonsole‚
1175 1268 1277 1347 posita

68 1376 72 1383 ’
176 1359 212 1418 ἰιι
233 1357 299 1418 foro
319 1353 424 1434 basta,
456 1356 721 1438 componebantur.
762 1354 852 1417 ovid
870 1352 909 1415 de
927 1356 1025 1415 Ponto
1045 1350 1067 1418 4
1085 1352 1118 1419 6.
1158 1362 1277 1411 mutato

177 1451 260 1503 statu
270 1438 304 1500 id
315 1441 450 1523 ipsorum
463 1442 626 1503 Caesarum
638 1451 702 1502 erat
715 1456 843 1503 munus:
863 1436 934 1500 bino
945 1439 1107 1520 imperinm
1119 1435 1278 1518 depositu-

179 1546 233 1586 rus
253 1528 407 1605 Augsotns
429 1528 628 1587 rationarium
648 1524 759 1586 reddit.
800 1527 925 1587 Sueten.
947 1544 975 1585 o.
988 1527 1044 1591 28.
1083 1533 1188 1605 postea
1205 1541 1279 1583 oura

181 1629 218 1671 ea
232 1609 272 1669 ad
283 1620 489 1691 procuratores
501 1612 636 1674 (laeseris
651 1610 803 1673 duoluta.
833 1608 1024 1692 Lampridius
1035 1610 1069 1668 in
1083 1606 1278 1670 Alexandro:

178 1698 483 1774 rectoresprovinoa's's
500 1696 575 1757 dors
594 1693 1282 1779 velpmpoeitossaemoetpmoaoomtd

180 1791 226 1841 eet
243 1779 406 1840 rationales
424 1781 575 1842 ordinare.
618 1775 795 1847 dosideres
818 1783 906 1864 quasi
930 1778 1092 1841 reddendis
1112 1780 1279 1839 rationibus

179 1866 307 1927 obnoxii
329 1863 486 1942 dieantur,
513 1878 548 1927 ut
569 1867 678 1949 loquar
695 1886 764 1927 oum
783 1868 962 1947 imperatore
975 1867 999 1926 l.
1015 1863 1084 1930 40.
1102 1862 1140 1926 de
1151 1865 1231 1925 cler.
1247 1873 1280 1924 et

177 1953 323 2031 Bpisoop.
353 1948 410 2011 hos
421 1953 634 2013 constantinus
647 1953 777 2012 instituit
790 1962 820 2012 et
830 1954 960 2032 negotiis
975 1950 1125 2011 fiscalibus
1137 1969 1280 2032 praeesse

178 2038 293 2111 voluit,
321 2054 376 2096 seu
394 2038 528 2098 oriminis
541 2038 595 2097 illa
607 2057 663 2098 seu
677 2037 722 2096 rei
735 2039 937 2116 pemniariae.
978 2037 1118 2097 blartian.
1131 2037 1172 2096 10
1186 2036 1243 2096 lib.
1257 2034 1296 2100 8*

180 2122 218 2182 (l.
233 2119 274 2181 ad
284 2121 346 2202 leg.
362 2121 421 2182 lul.
433 2122 552 2183 maiest.
564 2123 624 2183 Iul.
639 2122 769 2202 Capitol.
787 2123 820 2181 in
831 2121 1014 2182 Maximino.
1053 2130 1125 2181 sunt
1139 2141 1211 2203 ergo
1227 2140 1281 2181 ra-

178 2207 309 2267 tionales
323 2208 511 2288 principum,
540 2209 594 2288 qui
606 2208 755 2289 privatam
769 2207 967 2268 substantiam
982 2206 1161 2289 gubernant.
1202 2207 1281 2267 Cas·

178 2290 293 2354 siodor.
308 2294 329 2358 6
343 2313 392 2372 ep.
405 2295 443 2357 8:
465 2302 494 2352 es
505 2295 636 2353 rosiones
647 2291 973 2375 Belgioaaprosrsrure.
1016 2294 1096 2355 Plin.
1110 2295 1131 2360 7
1151 2295 1192 2358 16
1206 2292 1280 2353 fine.

178 2381 287 2439 iuven.
301 2380 341 2442 6:
358 2380 467 2458 μανία
479 2388 524 2438 est
534 2377 715 2455 rationibue5
744 2390 775 2440 et
787 2389 874 2442 retus
888 2377 1057 2441 Scholiasta
1070 2378 1111 2438 ad
1123 2375 1202 2439 iliud
1216 2379 1281 2438 ibi·

178 2461 270 2523 dem:
291 2460 378 2543 longi
389 2463 494 2545 relegis
507 2474 677 2524 moereo
690 2465 804 2524 dunt.
825 2467 941 2526 Auson.
953 2465 1101 2547 parental.
1114 2484 1205 2524 carm.
1217 2461 1282 2529 242

178 2548 293 2606 soriam
308 2548 460 2629 praefecti
481 2552 618 2623 meriton,
647 2547 815 2609 rots'orss'brss
838 2550 910 2611 inde
929 2553 1121 2631 praepositus
1140 2549 1277 2629 libycis.

178 2652 293 2693 nomeu
305 2652 429 2710 norum,
450 2653 498 2694 res
512 2636 730 2717 antiquissima,
751 2644 786 2693 ut
798 2631 875 2693 dixi.
916 2653 1048 2694 marmor
1059 2646 1165 2697 retus:
1181 2637 1222 2695 D.
1234 2636 1283 2694 bl.

178 2718 362 2780 Abascantio
383 2721 463 2797 Aug.
482 2720 537 2778 lib.
556 2717 677 2780 aedituo
701 2717 785 2780 aedis
799 2722 948 2800 Neptuni,
977 2738 1054 2803 quae
1079 2731 1125 2780 est
1143 2723 1177 2779 ln
1199 2722 1282 2778 oiroo

180 2803 346 2878 Flamioio,
368 2802 490 2861 illarius
505 2806 654 2865 Aroantus
666 2815 697 2865 et
708 2806 831 2865 Pallans
845 2808 931 2866 caes.
940 2808 978 2865 N.
991 2824 1051 2865 ser.
1067 2802 1213 2863 adiutore
1226 2821 1283 2859 ra-

180 2884 314 2945 tionibus
330 2887 409 2964 patri
424 2889 559 2966 piissimo
576 2891 635 2949 feo.
676 2890 756 2950 forte
769 2888 820 2949 bio
833 2892 935 2951 Pallas
947 2899 1010 2965 est,
1032 2886 1070 2947 de
1084 2905 1143 2969 quo
1156 2886 1281 2965 satyrici

179 2967 317 3028 historici
330 2979 361 3028 et
373 2970 490 3030 Plinius
508 2975 612 3033 Iunior
630 2994 693 3033 non
710 2977 785 3033 oitra
800 2973 1038 3055 indignationem
1054 2972 1110 3030 lib.
1130 2972 1152 3034 8
1175 2989 1224 3050 ep.
1244 2973 1281 3033 6.

181 3064 267 3115 erant
285 3064 315 3113 et
332 3055 496 3114 rationales
513 3058 717 3136 privatonsm,
748 3077 823 3141 quos
844 3080 914 3119 oum
933 3056 1096 3117 secretariis
1121 3051 1282 3115 oonfundit

180 3140 571 3210 saresberiensisl’oliorat.
588 3146 607 3207 8
627 3145 677 3218 12,
700 3140 739 3202 de
755 3143 863 3225 quibua
876 3141 935 3203 hoo
946 3151 1065 3199 tantum
1075 3148 1161 3217 nota,
1183 3141 1280 3199 retio-

179 3244 238 3286 nes
251 3236 319 3286 tum
331 3226 368 3285 ab
377 3226 417 3286 iis
428 3224 576 3303 redditas,
604 3228 631 3287 si
645 3225 760 3287 domini
773 3228 891 3287 tabulas
907 3225 1088 3287 delevissent
1101 3235 1131 3286 et
1145 3225 1280 3285 subscri-

181 3313 323 3391 possent.
352 3312 497 3372 Scaevola
509 3314 547 3373 10
558 3312 615 3374 lib.
628 3310 671 3377 40
685 3310 719 3373 ff.
735 3309 773 3372 de
787 3321 867 3373 statu
879 3313 935 3373 lib.
963 3314 1101 3372 omittam
1114 3311 1280 3393 Apuleium

179 3396 309 3477 Apolog.
322 3402 354 3464 2.
396 3399 538 3461 Dmsr.

265 3514 318 3578 24.
359 3529 507 3577 teotonem
520 3516 622 3602 lotii]
645 3538 682 3580 eo
699 3499 830 3603 nmque
847 3527 982 3602 temporo
998 3513 1190 3579 Oooideutem
1208 3535 1281 3577 mo·

180 3596 313 3660 deraturi
337 3604 482 3681 praelecti
508 3604 595 3684 cpoli
623 3606 884 3666 submittebantur.
946 3624 1051 3664 eorum
1081 3622 1184 3666 ouram
1212 3611 1282 3662 tum

180 3687 293 3764 ltlagno
308 3687 359 3745 isti
374 3688 615 3751 oommendatam
629 3689 705 3751 dioit
719 3692 876 3772 (lorippus.
917 3688 997 3750 orbs'o
1010 3690 1122 3748 Latius
1135 3690 1221 3772 quasi
1235 3689 1283 3747 si-

181 3771 296 3850 gillatis
320 3782 349 3830 et
369 3773 406 3832 ob
429 3777 549 3835 Oriente
573 3775 706 3855 divisus,
732 3775 889 3838 claudiani
910 3775 1052 3855 exemplo
1069 3772 1107 3834 do
1124 3770 1284 3834 oouoordia

181 3859 262 3915 inter
280 3855 388 3917 fratres
407 3859 571 3921 &ordinm
590 3873 621 3922 et
643 3864 826 3924 Honorium:
856 3861 1029 3941 conspirans
1046 3862 1163 3941 goniei
1176 3858 1284 3941 frenis

183 3941 390 4003 comminabor
404 3943 497 4006 orbes.
538 3949 665 4008 Bsarn.

271 4046 314 4108 ib.
357 4047 507 4109 dorm
536 4049 665 4129 (lorippo
696 4048 833 4130 designat
863 4068 1040 4126 oensorem,
1081 4055 1285 4130 qusestorem.

189 4133 374 4193 Glossarium
385 4143 491 4193 retus:
512 4133 662 4192 duom
673 4135 846 4219 toyooboo.
887 4134 988 4196 aliud:
1009 4131 1173 4218 loyoddsrn
1185 4132 1285 4190 rotro-

190 4219 319 4293 cinotor,
338 4220 498 4289 disorosor,
518 4218 695 4297 deputator.
740 4223 784 4288 sio
800 4220 948 4282 discutere
963 4230 1009 4282 est
1023 4220 1210 4293 examinare,
1232 4236 1287 4274 ro-

191 4296 294 4379 digsra
321 4308 353 4365 in
384 4301 535 4382 ordinem,
578 4305 739 4369 fflntrare.
796 4303 977 4372 Prudentius
1004 4305 1104 4369 Praei.
1138 4300 1285 4366 cadem
