2750 4625
132 302 207 377 sts
460 300 601 370 soris
625 299 671 367 n
696 274 861 368 nnnun
883 298 902 367 1

131 474 211 549 ima,
234 490 311 554 quae
327 465 404 528 duee
421 466 454 527 in
469 466 596 528 retunde
611 477 663 529 snt
675 468 756 530 oveti
770 467 869 528 forma
881 466 1104 546 ooniungmstur
1118 462 1237 529 duabus

132 557 383 617 extremitatibus.
426 558 552 617 an.

218 662 291 725 327.
333 658 521 737 Bulengerus
541 655 623 716 hunc
641 656 736 717 citans
757 656 878 736 corippi
898 655 999 715 locum
1015 672 1070 736 pro
1085 656 1240 737 unaleglt

134 765 226 815 urna,
248 744 366 802 nullam
376 741 466 803 huius
478 746 615 803 lectionis
627 742 766 802 adferens
780 744 936 817 rationem,
958 752 989 800 et
1002 742 1137 821 prolecto
1150 752 1240 801 sonte

133 828 272 890 alludens
292 826 459 888 adhibitam
480 832 513 888 in
532 829 720 889 Circensibus
737 830 925 888 sortitionem
940 836 1005 886 tum
1020 828 1156 887 locortnn
1170 839 1239 887 tum

134 914 363 1000 quadriganun,
387 913 424 974 de
441 935 501 997 qus
515 915 599 975 idem
610 917 797 995 Bulengerus
812 934 839 973 c.
856 917 906 978 18.
947 914 1048 973 Fons.

219 1018 291 1083 328·
334 1016 453 1099 sudu]
475 1020 555 1077 male
581 1028 650 1076 ante
669 1017 781 1076 stads'rs.
826 1017 948 1082 2812:
969 1015 1136 1075 succisorum
1152 1034 1239 1094 gou-

134 1103 187 1162 dia
212 1113 351 1180 eurgreut.
397 1108 419 1169 2
440 1108 521 1168 336:
543 1104 711 1162 stesdsorum
727 1105 828 1182 iurgii
844 1112 965 1160 cessem.
1010 1102 1187 1181 sponsiones
1204 1102 1238 1158 in

136 1192 240 1261 Ciroo;
261 1187 331 1246 ideo
350 1188 436 1248 favor
453 1192 486 1248 in
509 1186 588 1248 hanc
604 1198 656 1248 sut
672 1190 760 1247 illem
778 1189 942 1247 factionem
954 1206 1077 1268 pronus.
1120 1186 1240 1249 Plin·9

135 1296 185 1354 ep.
199 1276 238 1337 6:
251 1273 365 1353 fleverit
371 1296 492 1353 panno,
507 1263 651 1354 ponentis
661 1286 781 1346 amant,
802 1284 830 1332 et
840 1277 884 1332 sic
897 1275 930 1331 in
943 1276 1007 1352 ipso
1022 1292 1112 1331 crsrsu
1125 1271 1241 1329 medio-

137 1379 195 1441 que
217 1363 392 1432 certamine,
420 1360 471 1419 tic
491 1361 572 1418 color
590 1360 679 1433 Hinc,
706 1360 759 1419 itte
779 1360 840 1418 tue
862 1359 1077 1438 transferatur,
1105 1356 1262 1415 studium‘

129 1444 285 1525 favorque
299 1445 449 1504 trarssibit.
494 1445 582 1506 ovid.
595 1444 633 1504 de
647 1450 719 1505 Arte
737 1450 773 1509 1:
795 1446 930 1526 quisquis
943 1447 999 1502 erit
1008 1442 1158 1523 cuisavet
1167 1440 1241 1512 itta,

129 1529 220 1609 fave.
265 1533 370 1590 Amor.
392 1536 412 1597 8
431 1537 469 1597 2:
488 1533 635 1612 favimus
657 1534 780 1611 ignavo.
827 1532 883 1590 Sil.
903 1531 971 1589 lul.
992 1533 1048 1594 16:
1070 1528 1122 1586 lu’s
1139 1527 1240 1587 sudu

129 1614 217 1695 sistit
237 1617 318 1673 acris
339 1618 422 1695 equi,
434 1616 523 1697 furit
542 1618 596 1675 ille
610 1619 760 1698 magistri.
803 1617 910 1696 virgil.
923 1618 1000 1676 Aen.
1013 1616 1052 1680 6:
1073 1613 1241 1694 studiisque

129 1700 297 1780 fauentum
309 1713 452 1760 consonat
464 1722 550 1760 omne
562 1724 676 1761 murus.
703 1700 858 1762 Claudinn.
869 1701 906 1761 de
917 1704 1057 1765 6Houor.
1066 1699 1242 1758 consulatu:

129 1787 254 1865 flagrat
275 1785 384 1843 studui
408 1787 567 1846 eoncordia
586 1788 684 1867 vulgi.
730 1790 854 1869 antiqua
873 1789 1045 1867 inscriptio,
1068 1782 1242 1844 Antiocheti

139 1874 261 1948 aurigae
283 1873 521 1947 monimentum,
534 1873 652 1951 saculi
668 1876 737 1931 vivo
747 1873 885 1951 forsitan
898 1876 960 1952 ipse
975 1871 1060 1930 milei.
1106 1883 1135 1930 et
1150 1871 1241 1928 Fusci

138 1957 261 2035 aurigae
283 1965 370 2016 vetus
387 1959 463 2014 item
476 1976 625 2016 mannos:
638 1957 790 2037 factionis
807 1970 928 2017 versetae
940 1959 1038 2016 tusco
1051 1958 1242 2016 sacravimus

137 2062 226 2101 arum
238 2041 276 2100 de
288 2052 401 2114 nostro,
419 2054 496 2100 certe
511 2043 639 2102 studiosi
652 2056 680 2101 et
692 2042 763 2102 berae
775 2055 922 2102 astantes.
968 2045 1111 2103 Dsnsss.

222 2143 264 2203 is.
307 2146 428 2224 portes]
451 2143 511 2205 hoc
527 2148 747 2228 estsocuones5
768 2147 849 2211 sict
870 2149 944 2212 810.
986 2149 1085 2207 Foco·

223 2250 286 2314 328
302 2258 332 2306 et
346 2251 409 2313 829
433 2246 483 2325 [in
497 2268 544 2308 ms
556 2252 619 2313 320
631 2258 662 2306 et
673 2250 764 2330 3211.
807 2246 890 2309 hisce
904 2246 1020 2309 duobus
1035 2249 1169 2311 versibus
1181 2266 1238 2307 suo

137 2335 171 2393 iu
187 2334 271 2407 loco,
293 2331 374 2392 unde
393 2330 501 2404 disnoti
519 2335 654 2410 fuerant,
676 2337 819 2395 restitutis
839 2337 940 2395 omnis
953 2336 1032 2395 bene
1049 2339 1238 2396 conveniunt.

139 2421 242 2500 itaque
258 2429 342 2479 notet
360 2420 507 2499 corippus
526 2422 677 2479 institutes
691 2423 823 2501 primum
836 2421 929 2481 fuisse
943 2432 1084 2503 quattuor
1098 2424 1175 2483 Circi
1189 2420 1238 2482 is-

137 2508 253 2564 ctiones
278 2504 318 2564 sd
340 2516 481 2587 quattuor
502 2509 574 2564 anni
597 2517 733 2585 tempora
758 2505 960 2585 designanda,
997 2507 1139 2589 deinceps
1158 2525 1240 2580 vero,

67 2666 70 2672 Ι
139 2592 211 2671 quie
224 2590 325 2651 albata
341 2601 371 2648 et
384 2589 489 2652 viridis
502 2592 593 2650 fectlo
608 2592 642 2649 in
656 2612 750 2649 unam
762 2594 950 2667 coaluenmt,
973 2597 1241 2653 coniunxenmtse

139 2677 173 2734 in
187 2696 280 2735 unam
294 2688 324 2735 et
335 2677 412 2735 eliae
427 2675 521 2750 duse3
544 2688 575 2735 et
584 2674 656 2735 hinc
670 2676 747 2736 dune
760 2676 949 2737 solummodo
966 2680 1180 2758 superfuerunt
1193 2678 1242 2736 fa-

142 2764 272 2835 ctiones,
292 2780 370 2842 quae
386 2773 530 2820 aestatem
548 2782 616 2820 cum
628 2772 772 2827 autumno
785 2773 815 2822 et
829 2761 962 2824 hiemem
977 2784 1046 2822 cum
1058 2784 1128 2821 vere
1143 2764 1242 2839 signi-

141 2845 284 2918 ficabant,
306 2848 431 2904 Prasina
443 2850 587 2905 nimirum
599 2858 628 2905 et
641 2850 773 2923 Veneta,
796 2869 873 2930 quae
886 2850 1008 2929 reliquis
1021 2847 1136 2906 duabus
1149 2864 1242 2924 prae-

141 2931 299 2989 stantiores
309 2949 429 3008 semper
440 2931 569 3006 fuerant,
592 2934 663 3011 quia
676 2932 767 2992 modo
779 2937 833 2991 uni
843 2933 934 2993 modo
948 2934 1034 2990 alteri
1046 2930 1157 2988 addicti
1170 2930 1243 2988 fue-

142 3027 211 3076 runt
229 3019 440 3096 imperatores,
461 3027 495 3075 ut
512 3019 655 3075 Prssinse
673 3018 826 3096 Caligula,
846 3022 939 3091 Nero,
961 3019 1073 3091 Verus,
1096 3018 1243 3075 Commo-

143 3100 216 3177 dus,
239 3103 362 3176 Avitus‚
384 3103 515 3160 Venetae
528 3103 683 3176 Vitellius,
706 3104 874 3177 emulis,
896 3102 1089 3162 lastinianus.
1120 3121 1242 3160 necne·

142 3199 230 3267 putes
251 3186 334 3270 quod
351 3188 484 3268 reliquae
507 3185 583 3246 duee
599 3190 722 3246 omnino
744 3191 894 3246 extinctae
914 3188 1043 3246 fuerint:
1065 3195 1241 3247 manserunt

141 3275 225 3330 enim
239 3277 330 3333 etism
345 3273 426 3348 illae,
448 3271 503 3332 sed
523 3273 685 3348 obscurius,
708 3274 801 3332 veluti
814 3271 924 3333 harum
940 3271 1147 3354 pedissequae,
1170 3273 1239 3352 qui-

139 3357 267 3418 buscum
288 3360 560 3438 coniungebantur,
582 3370 616 3419 ut
642 3360 743 3440 plures
767 3361 908 3418 evincunt
929 3360 1076 3439 sequioris
1097 3358 1239 3435 temporis

140 3446 344 3519 auctoritates,
370 3465 445 3524 quas
458 3444 527 3504 vide
541 3444 621 3525 apud
635 3444 792 3504 laudatum
805 3447 1012 3524 Buleugerum
1025 3443 1064 3503 de
1079 3445 1163 3503 Circo
1177 3444 1240 3501 Ro-

140 3546 231 3586 mano
248 3538 277 3586 et
288 3529 369 3588 ludis
385 3532 573 3591 Circensibus
587 3553 613 3590 c.
629 3530 682 3597 49.
725 3533 826 3591 Foco.

225 3632 298 3693 880.
342 3632 488 3713 circulus]
511 3636 562 3693 vel
576 3654 594 3692 a
606 3636 749 3707 circuitu,
771 3631 939 3694 Cassiodor.
952 3634 1019 3692 loco
1031 3633 1137 3706 citato,
1159 3630 1209 3688 vel
1222 3649 1241 3688 ι

136 3714 230 3773 ‘Circe
245 3714 396 3791 venefica,
419 3736 497 3796 quse
510 3723 609 3800 prima
623 3724 702 3801 petri
714 3740 768 3780 sno
783 3723 841 3779 soli
853 3718 1005 3780 ludicrum
1017 3715 1076 3776 hoc
1091 3727 1242 3775 certamen

141 3801 332 3879 excogitavit
374 3802 481 3862 Isidor·
498 3808 537 3869 18
558 3810 611 3872 28.
646 3808 760 3865 Nonius
772 3807 837 3865 vult
849 3823 971 3864 omnem
983 3803 1130 3862 ambitum
1143 3812 1173 3861 et
1184 3820 1241 3879 gy-

138 3905 211 3945 rum
237 3905 302 3944 esse
327 3885 454 3961 circum,
479 3887 609 3972 deniqne
631 3895 724 3952 Varro
745 3891 783 3950 de
799 3893 874 3969 ling.
889 3892 957 3948 Lat.
971 3887 1010 3963 l,
1033 3886 1115 3970 quod
1131 3889 1243 3946 nucum

142 3972 320 4052 spectaculis
341 3968 557 4033 aedificaretur.
600 3976 708 4036 Claud.
724 3975 797 4040 deli
816 3975 1046 4034 consultius:
1079 3991 1243 4032 comesum

141 4055 291 4135 gradibus
314 4067 471 4116 vocemus
487 4079 630 4136 proptera
652 4061 774 4140 vulgus.
826 4063 890 4119 sive
911 4057 993 4141 quod
1015 4061 1128 4118 circum
1147 4067 1243 4117 metes

145 4149 257 4278 pompe
276 4143 418 4219 ferretur,
447 4139 506 4202 hoo
525 4155 571 4203 est
589 4147 738 4224 imagines
761 4142 902 4221 deorsum,
928 4155 962 4204 ut
981 4145 1056 4203 alibi
1078 4153 1242 4203 ostensum.

175 4242 288 4287 mss.

230 4313 304 4376 882·
341 4316 483 4394 gessisse
501 4318 613 4396 maes]
633 4335 695 4377 non
712 4327 834 4397 putem:
857 4335 930 4380 nam
948 4312 1030 4378 unde
1049 4312 1243 4374 dimitteban-
