2750 4625
393 329 552 399 rusrutt
575 329 757 405 amtoms
783 333 862 402 LIB.
886 335 945 403 III.

202 494 399 571 lastinianus,
421 516 515 557 oruns
529 510 635 579 quarto
650 519 719 559 oum
734 498 855 563 consula
870 505 1008 589 princeps

121 595 182 661 125
202 597 263 655 ulta
277 595 452 679 triumphali
465 608 574 659 tereret
589 602 737 681 Capitolia
751 624 872 687 pompa.

203 692 294 758 sacris
308 701 493 780 principibus
504 702 652 763 iuctmdae
664 704 768 764 sabula
779 726 903 768 mensae

204 798 242 860 de
258 800 327 887 diso
340 806 474 882 genitore
487 803 561 862 fuit:
582 815 648 864 tum
663 826 775 866 nomen
788 807 938 873 honorum

202 904 281 963 inter
294 903 416 964 delicias
429 915 459 963 et
473 902 572 965 dulcis
583 909 692 987 pccrrla
707 912 839 970 summis

202 1004 342 1066 laudibus
358 1007 511 1083 attollunt,
533 1010 698 1091 rivumque
712 1031 768 1091 per
782 1032 833 1073 ors
846 1013 987 1093 fatentur,

120 1109 182 1173 130
203 1110 247 1168 sic
261 1108 447 1168 decessorem
460 1121 640 1188 regnantum
656 1113 759 1173 nullm
775 1117 897 1191 amavit,

202 1229 375 1293 quanquam
388 1223 503 1291 sceptro
517 1216 609 1292 patris
625 1225 714 1274 natus
728 1235 881 1276 successor
893 1215 1026 1285 haberet.

204 1326 273 1373 ante
288 1316 389 1374 oculos
402 1316 496 1394 geniti
507 1317 626 1394 genitor
639 1314 829 1378 dulcissimus
845 1325 928 1380 omni

203 1424 337 1496 tempore
349 1437 468 1499 semper
481 1419 550 1493 erit,
572 1437 750 1500 semperque
763 1421 796 1478 in
810 1421 898 1483 corde
910 1427 1055 1491 manebit.

235 1522 410 1602 Postquam
425 1518 542 1579 divinae
553 1516 712 1601 ⁴surnpsers
724 1523 886 1583 novissima
899 1547 990 1588 cenae

121 1621 182 1689 185
201 1624 325 1702 pocula,
348 1633 379 1681 st
396 1622 532 1682 excelsas
547 1624 694 1682 siluerunt
708 1622 817 1702 gaudia
830 1646 962 1706 mensas,

203 1727 368 1786 contulerat
382 1744 459 1807 quae
473 1727 570 1804 pn'ms
585 1722 663 1801 dies,
685 1728 816 1785 surrexit
828 1727 865 1785 ab
879 1730 940 1788 alto

201 1830 297 1889 lsettu
310 1837 434 1908 uterque
450 1837 532 1902 toro,
552 1836 726 1908 secretaque
740 1838 819 1887 tecta
830 1832 947 1908 petivit.
1075 1842 1081 1851 ’

202 1931 257 1993 sed
270 1952 330 1991 non
342 1932 374 1988 in
386 1948 494 2008 segnes
507 1930 659 1989 solverunt
671 1939 792 2008 pectora
808 1950 941 1994 somnos.

200 2035 359 2113 invigilant
372 2034 481 2107 animi,
503 2031 610 2112 qulbus
625 2041 670 2091 est
683 2033 733 2121 pia
747 2051 817 2090 cura
830 2033 954 2112 regendi

120 2137 182 2205 140
201 2147 246 2197 tot
258 2139 336 2196 latos
350 2134 492 2216 populos,
517 2131 606 2193 duros
621 2132 767 2193 domitare
781 2142 934 2213 tyrannos,
1010 2134 1012 2137 ’

202 2240 332 2300 consiliis
344 2230 410 2314 uti,'
428 2254 533 2295 causas
550 2233 707 2316 disponere
722 2232 840 2293 mundi.

200 2345 351 2417 maxima,
372 2359 426 2421 pro
440 2341 632 2419 rerumquae
648 2335 821 2417 disposuere
832 2340 938 2416 salute,

201 2441 378 2504 admiranda
389 2443 487 2520 magis
499 2459 589 2522 quam
603 2438 844 2500 connumeranda
857 2443 944 2502 fateri

199 2546 368 2616 humanum
380 2542 465 2602 decet
477 2545 649 2630 ingenium
685 2543 754 2623 quis
767 2545 897 2603 csrrnirrs
912 2543 1003 2625 digno

120 2646 182 2716 115
201 2657 246 2707 tot
259 2644 428 2705 divinarum
441 2644 587 2703 miracula
600 2640 733 2723 pandere
749 2664 848 2703 rerum

202 2745 349 2812 sufficiat'l
393 2747 501 2829 quibus
513 2743 588 2805 haec
602 2744 717 2819 verbis,
738 2765 797 2826 qua
809 2745 899 2806 laude
912 2752 1057 2830 reponat‘l

57 2427 68 2466 l

202 2850 271 2912 djva
285 2853 419 2929 Augusta
434 2850 555 2924 favens,
579 2856 716 2908 sanctum
731 2859 760 2906 et
771 2851 941 2910 venerabile
955 2873 1076 2934 nomen,

201 2953 368 3013 immortale
381 2953 509 3027 bonnm,
530 2960 649 3010 nostrae
666 2950 812 3029 sapientia
828 2953 961 3031 linguas,
1044 3008 1046 3011 ,

201 3056 342 3135 auspiciis
358 3052 434 3115 haec
449 3073 532 3114 sacra
545 3053 624 3112 tuis:
645 3060 698 3111 tua
710 3062 778 3112 rota
792 3067 948 3116 canentem

8 3165 17 3183 ⁸
119 3155 181 3223 150
201 3159 333 3236 respice,
355 3167 385 3215 et
401 3158 497 3216 oranti
512 3157 643 3216 clemens
656 3155 762 3215 solatia
777 3158 898 3235 praebe.

243 3258 376 3339 Septima
392 3257 572 3337 gaudentem
583 3258 639 3317 lux
654 3277 745 3318 aurea
757 3257 873 3317 viderat
888 3259 1001 3337 orbem,

201 3361 356 3440 expellens
371 3359 489 3438 placido
502 3361 652 3419 brumalia
665 3359 778 3439 frIgora
792 3380 895 3420 verno.

200 3463 301 3521 omnis
317 3460 364 3519 sol
377 3462 475 3520 oriens
492 3460 583 3521 radiis
597 3461 773 3520 melioribus
786 3463 903 3536 afflans,

200 3563 361 3644 tranquillo
377 3560 492 3642 gelidas
505 3547 685 3642 tepefecerat
699 3565 770 3642 igne
785 3566 919 3642 pruinas.

118 3662 180 3729 156
201 3662 371 3743 gaudebant
385 3667 532 3726 elementa
544 3665 650 3741 simul,
670 3666 814 3748 mollique
829 3667 965 3727 calebant

200 3767 360 3847 temperie,
382 3769 519 3849 rotisque
534 3768 598 3827 ruis
611 3786 690 3825 nors
703 3768 800 3826 Roma
813 3766 945 3826 ferebat.

200 3878 302 3927 ornata
317 3878 362 3928 est
375 3871 510 3948 Augusta
523 3868 646 3945 domna,
667 3871 810 3952 iussuque
824 3870 954 3949 regentis

201 3969 287 4027 acciti
299 3988 436 4049 proceres
449 3955 568 4048 omnes,
590 3968 752 4053 scholaque
765 3973 859 4053 palati
872 3981 918 4030 est

199 4066 280 4128 iussn
294 4074 355 4132 suis
371 4071 488 4133 adstare
500 4075 586 4135 lcciu
626 4076 749 4156 iamque
764 4072 867 4134 ordine
884 4082 964 4131 certo
1048 4079 1050 4083 “

118 4170 179 4235 160
199 4172 285 4230 turba
298 4170 495 4251 decanorum,
517 4196 686 4253 cursorum,
710 4180 742 4236 in
754 4177 843 4236 rebus
856 4185 1008 4254 agentum,

200 4292 326 4355 cumque
344 4275 484 4354 palatinis
499 4289 581 4339 stans
597 4276 725 4340 candida
739 4263 827 4338 tuma
842 4278 979 4351 tribunis,

165 4377 262 4433 Mercl.
284 4386 310 4434 rt
332 4381 391 4434 Cor.
621 4456 623 4460 v
963 4378 1001 4440 17

1144 339 1214 411 191
