2750 4625
463 212 729 319 1onsnmnos
753 250 833 320 sss.
856 199 916 322 iv.

217 411 352 498 alipedis
366 413 471 473 celetis
486 411 592 474 dextro
607 408 751 476 'contorsit
766 415 908 494 hebenus,

220 517 435 599 ductoremque
449 526 555 596 petens
568 519 704 577 volucres
717 538 773 599 per
787 525 922 598 gramine
935 541 1038 582 cursus

221 623 379 702 corripuit,
400 615 529 678 deosum
542 630 571 679 et
583 619 758 702 dimmpens
772 625 904 682 concitus
918 642 1027 703 agmen

122 727 197 790 ato
220 725 310 782 fluxit
324 741 419 803 equo,
440 720 627 803 pedibusque
642 724 713 783 boni
726 735 797 782 tunc
810 737 895 784 more
910 728 1047 803 magistri

220 826 323 883 osculo
339 844 441 905 pressu
456 823 538 883 dedit
551 826 681 885 fervens.
724 828 844 909 iamque
860 830 958 887 omnis
970 832 1003 886 in
1016 828 1104 891 illum

220 927 399 1003 turbescit,
423 946 526 988 causas
542 930 665 1007 cupiens
684 947 862 1007 cognoscere
878 950 977 989 rerum

219 1048 455 1110 responstnnqne
469 1031 526 1089 feri
544 1030 722 1089 referentem
739 1029 842 1090 audire
853 1034 984 1111 tyranni.

221 1140 254 1189 et
264 1142 401 1191 metuunt
411 1152 452 1191 ne
463 1151 570 1214 pacem
582 1142 663 1209 oret,
687 1150 756 1191 cum
773 1130 872 1191 dicere
886 1135 986 1194 iussus

124 1229 199 1296 315
220 1235 319 1312 paruit
332 1244 362 1294 et
374 1233 493 1315 placido
507 1238 550 1295 sic
564 1237 661 1316 coepit
672 1237 831 1294 Amantius
845 1254 907 1293 ore.

216 1326 339 1395 “omnis
354 1357 430 1420 quoe
444 1335 583 1397 domiuus
594 1338 710 1396 famulo
722 1339 872 1417 praecepit
889 1334 1066 1417 adimplens,

220 1439 402 1515 gentibnsin
415 1439 539 1516 mediis,
561 1450 682 1521 portans
693 1436 852 1514 mandatu,
874 1442 1007 1516 cucurri3

219 1543 454 1625 perveniensque
466 1543 564 1602 ferum
575 1541 638 1602 ridi
651 1544 707 1602 sub
720 1562 794 1622 rupe
805 1550 967 1620 tyrannum

219 1642 372 1703 montibus
380 1647 413 1703 iu
426 1648 561 1706 summis.
604 1655 677 1705 tunc
690 1655 794 1705 erocut
806 1643 859 1702 ille
873 1644 1000 1704 rebelles

127 1743 195 1809 320
217 1762 287 1803 aere
303 1747 400 1806 ciens:
421 1767 509 1807 cursu
521 1746 626 1828 rapido
640 1750 790 1808 Moumsiu
803 1736 890 1804 turb'u

218 1847 355 1924 confluit,
377 1858 408 1908 et
420 1853 522 1930 nigrae
535 1851 628 1910 socies
639 1851 766 1910 tentorio
779 1848 940 1929 complent,

219 1959 255 2008 ut
266 1949 417 2033 quondum
428 1954 530 2011 Ditem
544 1964 695 2013 moturum
707 1953 822 2033 proelis
835 1949 912 2010 diris

218 2053 378 2112 concilium
389 2052 495 2113 fecisse
511 2053 626 2132 lerunt,
649 2064 679 2114 et
689 2056 774 2114 mille
787 2073 842 2133 per
856 2052 972 2131 amplus

216 2165 348 2215 monstro
361 2158 426 2216 sius
441 2159 575 2232 venisse,
596 2156 733 2239 Hydram
747 2156 923 2234 tristemque
940 2155 1122 2235 Megaeram,

127 2257 196 2325 825
218 2269 306 2342 utque
323 2256 459 2319 chorona
473 2278 578 2319 senem
593 2259 709 2320 deserto
724 2277 841 2318 cm'rere
860 2255 977 2337 cymba,

215 2360 415 2442 Tisiphonens
426 2361 559 2422 validum
572 2364 701 2424 fluminis
714 2372 744 2421 et
756 2359 888 2442 pondere
900 2361 1007 2439 pinum

218 2475 424 2545 quaerentem,
445 2467 550 2526 Alecto
564 2469 649 2527 tortis
662 2466 792 2524 saevisse
806 2458 966 2539 chelydris,
1009 2473 1012 2480 ⁴

217 2587 352 2651 quaeque
370 2569 555 2649 subtegens
569 2569 660 2626 facies
672 2571 877 2625 monstrantur
890 2564 1021 2620 Averno.

215 2683 308 2752 utque
322 2670 429 2730 ducem
439 2675 565 2731 veniens
579 2667 706 2728 densum
720 2666 912 2734 oirmtmstetit
927 2681 1045 2743 agmen,

132 2777 197 2840 880
217 2774 324 2833 obtulit
336 2775 401 2853 ipse
414 2772 523 2833 sedens
537 2789 710 2832 consessmn
723 2785 763 2828 ex
778 2768 897 2847 agmine
911 2763 1020 2846 dignis.

216 2876 269 2935 ille
284 2884 385 2938 tumen
399 2875 517 2935 medius
531 2872 608 2934 sedit
621 2871 806 2952 praefectus3
829 2879 859 2927 et
873 2871 971 2929 omnis

218 2980 364 3058 aspiciens
378 2977 483 3058 rspido
493 2975 627 3036 tumidus
641 2977 684 3035 sic
697 2976 812 3033 intonet
828 2993 890 3031 ore.

212 3074 355 3160 legatos,
376 3099 530 3161 proceres,
552 3077 627 3138 durs
642 3086 671 3137 et
683 3075 824 3136 mundate
838 3072 980 3133 Iohannis

216 3185 381 3263 suscipiens
391 3201 449 3243 ros
457 3199 546 3244 nosse
558 3182 644 3256 mlo,
667 3181 839 3258 cunctisque
852 3177 1025 3255 loquentem

132 3285 195 3351 885
214 3283 392 3344 mundatum
404 3295 569 3345 monstrare
582 3286 691 3344 virum.
732 3299 787 3339 vos
801 3277 920 3335 curibus
933 3274 1021 3330 illurn

215 3389 338 3446 intentis
356 3385 586 3467 suditspolem3
609 3394 639 3443 et
655 3382 821 3455 decernite,
844 3372 957 3456 siquid

215 3499 261 3550 est
273 3492 374 3549 animo
386 3490 497 3565 fixum,
519 3501 626 3568 paceni
638 3486 792 3544 bellunme
806 3467 968 3561 petamus.’

215 3595 377 3674 permisere
389 3594 491 3674 loqui,
513 3588 673 3670 digitisque
688 3587 806 3646 silentis
818 3583 929 3660 linguis

214 3698 383 3777 imposuere
399 3696 472 3754 suis.
516 3690 604 3751 docui
616 3696 776 3770 praecepta
789 3685 919 3744 iubentis

128 3793 194 3863 840
214 3801 357 3879 principis
369 3808 399 3858 et
411 3810 543 3854 morem:
564 3793 661 3874 pietus
674 3799 709 3849 ut
721 3806 831 3866 magns
845 3783 976 3864 regentis

129 3948 184 4004 810
198 3946 272 4002 flexit
284 3949 310 4002 Τ
393 3944 482 4004 oto
461 3962 500 3999 no
509 3943 596 4029 coepit
605 3943 667 3997 odd
680 3941 712 3996 Μ
787 3935 840 3993 317
855 3931 932 3990 metti
945 3934 971 3988 Τ
1046 3931 1099 3987 82ss
1114 3944 1175 3982 sere
1185 3924 1224 3991 Μ

128 4024 208 4070 ¹¹⁰³st
221 4019 247 4071 Τ
322 4018 374 4073 ³24
389 4016 491 4071 neuim
501 4014 556 4070 nisu
557 3962 639 4097 popod
649 4013 693 4067 Μι
709 4016 781 4064 trous
801 4005 903 4061 osuttn
974 3999 1027 4056 525
1043 4016 1076 4054 so
1086 4012 1181 4051 carons
1193 3995 1223 4060 Τ,

128 4101 162 4138 sc
172 4086 304 4140 Charonta
314 4085 347 4140 M
428 4084 491 4142 ibid
508 4083 611 4136 temibs
624 4082 650 4135 Τ
739 4081 758 4137 8
809 4071 967 4130 circumstitit
979 4072 1005 4123 Τ
1094 4065 1144 4121 ost
1163 4079 1225 4132 prs

127 4162 215 4209 m
228 4158 253 4210 Τ
346 4153 398 4210 884
413 4152 552 4276 suspiciens
562 4151 635 4223 opud
646 4150 677 4206 u
770 4147 822 4203 387
838 4144 939 4200 bellone
950 4139 1008 4195 ΜΤ
1096 4134 1147 4189 858
1164 4145 1228 4216 9¹⁰ss

129 4224 221 4281 noers
229 4224 299 4296 loqui
310 4224 444 4295 dignisque
