2750 4625
410 295 469 365 DE
491 292 700 366 muninus
723 290 892 370 lusum,
1122 292 1205 370 317

100 468 220 548 hyrunu
239 468 391 527 continuet
407 464 484 540 dies,
513 460 1199 545 nsouoaeullooooetquiudorm'uumcunut,
1272 523 1278 535 ,

98 565 218 636 pugnet
232 564 337 613 conoe
349 552 499 624 Ιιαινεεω,
523 548 712 609 Cotloh'cum
724 548 980 627 dsicutmfirlou.
995 585 998 589 -
1011 551 1137 610 Bssrn.

184 637 238 704 25.
281 639 376 698 Petri.
405 641 453 699 vir
467 637 620 716 eloquens,
643 644 673 696 et
685 634 774 695 rebus
788 635 1017 711 versatissimus,
1039 631 1079 692 ad
1091 631 1199 694 Theo·

100 723 206 784 <letum
226 744 244 784 s
261 726 427 784 Iustiniana
446 722 563 800 legatus
585 737 664 780 anno
681 729 805 801 opertu
823 718 997 795 muniere,
1025 728 1061 778 ut
1074 719 1200 801 quibui-

28 811 31 825 '
101 809 174 870 dam
196 809 314 889 placet,
341 808 416 874 636·
456 808 584 886 Procop.
603 804 679 865 belli
705 803 798 866 Goth.
820 808 849 869 1.
890 823 947 864 neo
970 802 1097 864 dubium
1125 806 1200 884 quin

101 895 184 955 idem
196 898 236 955 sit
253 896 338 956 ouius
353 892 492 952 meminit
505 888 700 951 Cassiodorus
718 894 756 955 10
771 912 787 952 e
810 930 819 952 .
838 891 878 954 19
899 899 929 949 et
942 888 1002 965 24,
1033 885 1200 968 Antholog.

100 980 121 1046 4
138 984 156 1045 1
172 986 210 1057 7,
232 990 263 1039 et
276 979 349 1038 alibi
363 997 463 1058 saepe.
484 979 626 1037 Dsmsr.
667 994 759 1035 nemo
771 911 848 1036 rhus
862 985 908 1035 est
921 994 1071 1035 successor
1088 973 1204 1035 redocr-

101 1085 201 1146 ouque
210 1064 312 1144 gloria
323 1065 410 1142 Petri
423 1081 516 1145 quam
526 1059 723 1138 Theodorus,
751 1062 836 1121 cuius
852 1079 964 1121 nomen
980 1079 999 1118 n
1010 1061 1116 1119 Ruizio
1132 1079 1200 1119 cor·

102 1162 224 1232 ruptum
237 1152 354 1209 restitui
367 1167 409 1208 ex
420 1145 586 1208 Menandro
599 1150 632 1206 in
644 1149 816 1227 Excerptis.
858 1165 947 1226 porro
959 1143 1125 1205 Menander
1137 1164 1202 1205 non

101 1234 192 1295 modo
209 1237 347 1295 certiores
359 1253 416 1294 nos
430 1235 503 1293 fucit
515 1234 609 1292 irrisos
620 1232 709 1291 illum
720 1229 802 1293 Petri
815 1229 922 1307 filium,
934 1229 990 1292 scd
1002 1232 1094 1291 etiem
1105 1230 1202 1289 inisse

103 1322 159 1381 sub
173 1322 286 1381 iustino
300 1322 478 1399 magistrum
491 1318 676 1380 officiorum:
698 1337 791 1397 agens
805 1320 887 1377 enim
899 1315 937 1377 de
950 1317 1058 1397 legatis
1070 1335 1088 1375 a
1101 1315 1199 1376 Tibe·

104 1409 148 1467 rIo
160 1408 267 1466 lustiui
280 1425 448 1466 successore
460 1403 499 1463 ud
514 1399 753 1464 constituendum
769 1420 839 1464 oum
852 1404 960 1484 legatis
975 1405 1136 1463 Persarum
1147 1421 1201 1460 re·

104 1496 150 1571 gis
165 1489 313 1552 chosroae
331 1510 437 1572 paoem
451 1491 568 1567 missis,
595 1487 672 1549 heco
683 1485 791 1550 habet:
811 1487 946 1570 suerunt
960 1490 1015 1569 qui
1029 1489 1113 1546 mirri
1125 1497 1199 1547 runt

103 1598 126 1636 u
138 1579 300 1651 Romanis,
326 1577 496 1636 Theodorou
509 1575 707 1651 Petrifilsise,
735 1576 792 1657 qui
801 1576 892 1653 prius
914 1574 1035 1656 quadem
1055 1575 1198 1653 magister

105 1663 398 1747 officiorumsuerot,
417 1673 482 1721 uem
494 1681 563 1721 vero
577 1680 673 1721 comes
684 1671 750 1719 erat
761 1660 956 1739 largitionum
970 1670 1028 1718 etc.
1048 1659 1149 1718 Foco.

190 1748 231 1807 ib.
275 1769 323 1808 ms
334 1747 524 1826 recidivaque
542 1748 576 1805 in
598 1765 661 1806 mss
683 1747 767 1804 enim
779 1746 893 1825 passim
908 1741 1130 1805 confunduntur
1141 1761 1198 1804 vo·

105 1855 155 1895 ces
168 1835 320 1893 redivivae
334 1843 364 1891 et
376 1832 535 1891 ruoilum.
578 1830 649 1901 ride
660 1830 740 1890 infru
755 1828 795 1890 ad
808 1848 838 1889 v.
851 1831 924 1895 850.
965 1831 1066 1891 Foco.

114 1984 116 1989 ,
189 1923 242 1984 26.
289 1917 473 1998 Memno]
495 1919 538 1976 ita
553 1918 688 1992 restitui,
716 1934 787 1975 oum
808 1925 896 1974 antea
915 1926 995 1975 esset
1019 1913 1200 1985 lireodolus,

106 2007 160 2087 qui
173 2014 274 2064 temen
284 2022 445 2084 nusquam,
467 2000 550 2084 quod
561 2004 665 2078 scium,
685 2002 797 2081 legitur
809 2002 842 2061 in
853 1998 1002 2061 historicis
1013 1998 1104 2071 huius
1117 2000 1202 2059 uerit

106 2101 138 2149 at
158 2089 343 2149 Theodorum»
361 2098 558 2168 cognomento
578 2087 767 2147 silenteurum
785 2086 974 2144 decurionem
985 2084 1102 2163 polotri
1114 2087 1204 2143 iuro-

105 2177 387 2321 {initiat
399 2177 558 2338 Ἥ
575 2173 615 2318 2?
628 2166 1204 2334 iiiimmiiqiiiiirfi'ffffliin‘ii

113 2345 284 2406 Theodulue
297 2342 498 2419 scribendum,
519 2361 581 2402 non
600 2339 777 2400 lheodolue.
805 2341 865 2399 nisi
878 2341 978 2400 verius
988 2350 1091 2400 tumen
1108 2340 1206 2398 lireo-

108 2431 212 2503 dorsu,
233 2428 315 2510 quod
327 2431 482 2508 interpreti
496 2428 610 2503 risum
632 2429 681 2486 oui
696 2446 756 2509 quo
770 2427 868 2504 magis
883 2426 1043 2501 assentiar,
1064 2426 1137 2484 iacit
1153 2428 1204 2484 lo-

108 2514 225 2574 hannes
238 2515 429 2573 Bicleriensis
449 2515 482 2571 in
493 2510 656 2590 Chronico,
687 2510 856 2595 quodcum
868 2512 986 2572 Vrotore
1004 2511 1205 2571 Tunnunensi

110 2598 205 2659 edidit
212 2601 358 2674 canisius,
373 2599 426 2680 qui
439 2601 459 2662 3
473 2618 552 2658 anno
565 2599 682 2674 lustini‚
696 2596 886 2657 Praefectum
891 2597 1088 2657 Mauritaniae
1098 2592 1205 2657 Theo·

111 2684 218 2745 dorum
232 2685 374 2744 aMenris
389 2687 510 2744 oeeaum
521 2693 615 2743 notat.
656 2686 783 2744 ΒΑΜ.

193 2775 246 2834 27.
288 2766 339 2828 hio
352 2770 521 2829 Demetriuc
540 2769 617 2829 forte
631 2770 685 2829 illo
702 2772 756 2852 qni
774 2770 968 2831 alustiniano
983 2763 1023 2829 ad
1039 2765 1206 2827 iohannem

109 2874 220 2938 papam
232 2857 366 2934 legatus,
399 2865 429 2914 et
441 2855 592 2935 palatinae
606 2855 693 2914 eslee
707 2857 881 2915 secretarius
894 2858 958 2916 sire
975 2851 1140 2937 λογοθὲτης
1153 2860 1206 2911 sut

110 2952 261 3022 quaestor.
304 2943 371 3022 quis
383 2951 451 3021 post
463 2958 608 3019 magntnn
617 2942 788 3001 Marcilium
799 2938 900 3000 dicati
923 2960 1014 3021 quem
1029 2938 1152 3000 consule
1166 2934 1207 2996 ad

110 3030 218 3088 Titum
232 3027 379 3087 Suetonii.
420 3023 718 3092 chersonneso
736 3030 787 3091 12.
829 3027 1025 3106 curopolatat
1046 3039 1207 3108 reposcon-

111 3116 216 3257 titt
237 3109 1016 3261 totttetcttuutpt⁸tht⁰tt
1032 3108 1208 3255 iiiii}

494 3219 526 3256 re
664 3239 672 3255 .
784 3219 801 3256 e
824 3238 833 3256 .
980 3236 990 3255 .

113 3217 284 3353 concludio,
312 3282 365 3340 ubi
377 3280 415 3341 de
427 3284 516 3343 rebus
528 3284 689 3360 maximis,
718 3285 841 3342 remotis
856 3269 990 3356 arbitris',
1021 3277 1209 3339 deliberabo-

113 3378 173 3428 tur.
214 3369 330 3426 Zenon.
341 3370 422 3446 Aug.
433 3368 487 3427 lib.
501 3372 541 3433 13
557 3389 584 3427 c.
599 3367 636 3427 do
655 3367 756 3428 testib.
775 3378 806 3425 et
826 3365 984 3425 ucretors'a
999 3364 1115 3425 iulium
1129 3360 1210 3443 apud

113 3455 152 3513 lc
167 3455 299 3534 pessim,
327 3462 357 3510 et
377 3454 489 3512 iudices
510 3455 661 3512 moreturii
679 3453 735 3512 lib.
752 3457 815 3518 8¹0·
836 3451 889 3510 ubi
903 3462 1017 3527 senat,
1048 3461 1079 3511 et
1095 3450 1210 3508 clariss.

113 3541 195 3599 civil.
210 3539 259 3598 rel
276 3538 360 3597 crim.
377 3557 474 3614 conr„
496 3538 559 3597 etl.
572 3540 629 3597 ult.
646 3558 672 3596 c.
692 3537 730 3596 de
746 3538 825 3596 offic.
838 3536 948 3597 divers.
961 3534 1055 3595 iudio.
1086 3536 1211 3614 elegen-

113 3634 160 3685 ter
173 3644 191 3683 u
204 3625 398 3684 Constantino
416 3621 547 3697 dietum,
576 3643 637 3682 non
651 3625 691 3682 eit
702 3622 809 3683 eenole
825 3622 935 3681 iredioie
948 3622 1062 3695 velum,
1082 3641 1144 3681 nore
1161 3620 1211 3677 in-

112 3706 1062 3874 titt„:tttl0.”tlit”n²ztttlllltifflllr
1080 3705 1211 3850 ”ihi

115 3877 167 3940 hio
179 3882 277 3940 fuerat
289 3883 380 3941 unius
391 3881 476 3957 folii,
502 3877 648 3961 adquam
668 3878 851 3961 explendam
867 3875 1011 3939 Erichtho
1028 3896 1134 3938 moneo
1151 3875 1212 3933 (lo-

117 3964 1212 4133 itti?liitttlitibilittlt,tzittisslffittt'sst

235 4097 244 4128 5

117 4139 199 4195 rimu
217 4138 324 4196 Instini
343 4147 373 4196 et
388 4149 516 4197 mortem
525 4139 698 4215 iustiniani,
726 4148 761 4196 ut
779 4073 1014 4218 iaoilepapparet
1031 4153 1072 4194 ex
1093 4131 1211 4191 somnio

117 4224 202 4302 ipso,
232 4223 317 4281 onius
328 4241 436 4283 menoa
447 4224 577 4283 narrem
590 4234 691 4287 restat.
731 4212 869 4303 ineptum
884 4241 955 4303 ergo
963 4267 973 4298 ,
1002 4218 1083 4302 quod
1095 4218 1210 4277 censuit

61 4319 70 4345 '⁶
116 4310 200 4369 Elias
211 4304 381 4388 Putsohius,
401 4310 493 4370 inseri
506 4307 614 4369 debere
626 4309 831 4391 fragmentum
842 4307 925 4393 quod
939 4307 1052 4368 libellis
1064 4305 1211 4403 puemit-
