2750 4625
158 279 207 332 xo
537 252 875 326 iilzzticciiiiilli

868 364 875 372 .
1349 335 1350 364 l

160 423 346 510 peditiouem
367 433 470 485 conns
489 422 640 486 Vandalus
659 425 825 505 pertinent,
846 421 936 484 facile
955 421 1083 505 quisque
1099 418 1213 483 ridebit
1226 421 1260 481 in
1350 439 1351 470 t

161 527 221 591 hoc
234 534 373 610 poimate
386 528 507 608 eurippi
516 546 572 585 nos
584 527 673 607 pluro
686 530 835 608 reperire,
857 545 899 586 ex
920 526 1029 608 quibus
1049 543 1194 604 magnam
1209 521 1260 582 hi·

162 632 272 693 storiue
290 629 449 690 Africanae
469 627 582 689 saeculi
594 632 614 693 6
629 630 770 689 lacunam
784 630 907 710 expiere
921 630 1083 710 possimus·
1126 626 1261 706 quinimo

165 735 268 815 aliqua
289 750 330 791 ex
349 731 518 791 Iohannide
536 731 680 791 rescimus
701 753 743 792 ex
762 732 850 792 rebus
862 734 895 791 in
910 733 1012 792 Persia
1024 724 1132 790 eodem
1143 727 1263 786 saeculo

165 837 257 911 actis,
282 853 351 893 cum
372 853 413 892 ex
434 832 542 892 eedem
560 834 681 912 regione
701 843 824 893 vocatus
845 835 937 893 fuerit
957 832 1107 895 lohannes
1126 838 1228 890 noster
1245 846 1264 885 a

164 937 347 1011 Iustiniana,
375 936 459 995 utin
474 913 608 996 Africam
625 935 688 993 iam
700 937 789 995 tertio
806 936 1040 1015 proficisceretur
1055 932 1095 993 ad
1108 930 1265 992 debellan-

165 1037 221 1100 dos
238 1041 359 1100 Mauros
374 1036 512 1097 rebelles.
554 1037 653 1096 luerat
668 1040 695 1098 is
710 1041 791 1098 enim
804 1042 902 1120 primo
914 1041 948 1097 in
961 1039 1062 1099 Africa
1076 1036 1132 1097 sub
1146 1034 1265 1094 Belisa-

166 1144 211 1204 rio
237 1162 265 1203 a.
283 1144 345 1210 688
369 1150 471 1201 contra
488 1137 657 1216 Vandslos,
678 1151 714 1199 ut
734 1153 818 1222 patet
837 1162 879 1202 ex
891 1142 967 1201 libro
982 1146 997 1205 1
1012 1140 1107 1200 nostri
1118 1135 1266 1216 poematis

166 1267 198 1307 v.
215 1248 293 1322 380,
316 1254 347 1304 et
362 1240 471 1301 deinde
483 1241 538 1300 sub
552 1242 701 1300 Germano
717 1261 744 1300 a.
762 1245 841 1318 637,
871 1254 906 1302 ut
925 1252 1039 1302 constet
1060 1260 1102 1299 ex
1121 1238 1267 1317 Procopio

168 1346 207 1407 ds
223 1344 301 1404 bello
321 1344 421 1405 Vand.
438 1344 461 1402 1.
477 1347 538 1407 20.
555 1346 594 1406 17
606 1364 638 1421 p·
655 1346 728 1409 278.
772 1343 880 1425 quodsi
896 1345 991 1426 aliqui
1003 1342 1081 1402 mihi
1094 1344 1127 1400 in
1141 1339 1269 1400 dubium

169 1456 310 1509 revocent
326 1444 419 1506 fidem
436 1445 557 1525 Corippi
571 1463 612 1502 ex
624 1444 793 1506 Alernanno
809 1448 873 1505 viro
887 1448 1001 1506 Graeco
1016 1443 1145 1525 ideoque
1161 1459 1271 1522 parum

170 1567 267 1629 aequo
287 1567 358 1626 erga
373 1549 514 1624 Latinos,
536 1549 590 1629 qui
607 1548 640 1604 in
653 1547 846 1626 praefatione
866 1547 912 1604 od
931 1549 1103 1606 Histonium
1124 1563 1272 1604 aroamm

169 1651 308 1730 Procopii
320 1652 409 1710 illmn
421 1649 500 1710 dixit
509 1659 574 1707 tam
587 1648 788 1726 inprovidos
799 1647 964 1708 Iustiniani
976 1649 1165 1707 adeslatorrm
1179 1665 1273 1726 quarn

171 1749 266 1810 hosen
272 1752 397 1834 poe'tom
402 1796 416 1826 ,
438 1752 538 1813 eidem
552 1767 705 1830 opponam
717 1767 780 1808 non
793 1769 948 1809 censuram
962 1751 996 1808 in
1007 1751 1211 1809 Alemannum
1222 1749 1273 1806 ul-

172 1856 232 1914 mis
245 1874 344 1914 acrem
356 1851 559 1914 lohilicbelii
569 1855 602 1911 in
610 1851 802 1930 praescirem
814 1851 854 1910 ad
864 1846 1029 1915 ’Aoisdorc
1042 1853 1181 1929 Procopii
1192 1847 1275 1909 edita

173 1955 354 2016 lielmstadii
368 1977 397 2017 u.
414 1953 495 2021 1654
507 1976 539 2013 n.
551 1954 611 2029 40,
634 1951 689 2012 sed
703 1955 803 2032 potius
816 1951 980 2012 doctissimi
993 1950 1152 2012 cardinalis
1164 1952 1275 2011 Norisii

173 2060 288 2116 nemini
303 2070 473 2140 suspectam
487 2058 711 2132 auctoritatem,
734 2058 788 2137 qui
800 2066 869 2135 post
882 2056 951 2116 illos
964 2057 997 2114 in
1008 2056 1226 2115 normarum
1237 2053 1276 2112 de

178 2161 332 2240 Synodc'5
350 2182 377 2222 c.
394 2165 415 2226 8
433 2156 487 2242 §2
505 2158 711 2238 irrefragabile
731 2158 852 2237 eurippi
866 2158 1073 2217 testimonimn
1088 2171 1150 2222 nm
1163 2158 1276 2217 veritus

177 2271 222 2323 est
233 2282 350 2323 vocare.
393 2261 464 2322 binc
475 2282 538 2323 non
551 2259 653 2321 dubito
667 2260 741 2342 quin
755 2278 812 2338 ego
825 2256 909 2319 haud
921 2261 1066 2341 exiguam
1078 2264 1205 2322 initurus
1218 2262 1278 2320 sim

176 2366 304 2444 gratiam
312 2364 394 2446 apud
404 2367 473 2426 illos
486 2385 590 2425 omnes
603 2365 656 2445 qui
667 2360 800 2421 historiis
814 2360 1009 2423 delectantur.
1052 2366 1188 2447 quinimo
1202 2365 1279 2422 alter

178 2463 355 2544 cardinalis,
374 2465 575 2527 bibliothecae
588 2464 804 2551 Ambrosianae
818 2465 870 2524 ifle
885 2464 1043 2543 fundator,
1064 2476 1167 2526 noster
1180 2462 1280 2524 Fede·

180 2569 258 2628 ricus
285 2570 484 2646 hommem,
514 2571 601 2628 initio
623 2565 696 2625 libri
714 2567 839 2626 secundi
860 2568 898 2628 de
916 2590 1018 2627 amore
1033 2571 1154 2629 victuum
1173 2589 1205 2649 p.
1226 2571 1280 2644 82,

180 2667 257 2729 haec
279 2672 415 2752 reliquit:
446 2674 549 2752 itaque
562 2688 677 2750 semper
692 2669 929 2729 commendanda
944 2673 1000 2729 erit
1014 2691 1115 2731 eorum
1131 2670 1282 2730 Matreu

183 2774 238 2852 qui
256 2775 375 2852 scriptio
392 2773 500 2831 alieru'c
506 2816 520 2844 ,
535 2784 701 2852 postquam
721 2775 874 2845 marios,
898 2793 1010 2833 novam
1025 2774 1170 2833 redonam
1187 2775 1282 2832 velam

183 2871 321 2943 rudent,
344 2873 433 2952 quive
453 2869 564 2928 laboro
583 2873 706 2953 aliquid
725 2877 760 2932 in
780 2896 813 2933 eo
823 2886 946 2954 pommt
963 2894 1001 2934 ne
1019 2888 1134 2954 tempus
1151 2875 1228 2931 sdan
1245 2892 1282 2931 ea

183 2968 333 3030 absumat.
385 2972 504 3031 Africae
529 2991 650 3052 quoque
675 2974 860 3053 geographia
879 2979 952 3034 satis
975 2979 1089 3034 auctior
1110 2972 1218 3032 evadet
1241 2994 1284 3034 ex

184 3084 285 3133 uostm
299 3079 454 3153 poimate‚
476 3074 595 3134 etiamsi
608 3094 648 3136 ex
665 3084 802 3153 corrupto
814 3083 917 3133 nostro
931 3072 1032 3133 codice
1048 3087 1184 3154 oomupta
1195 3076 1283 3156 plura

187 3196 252 3237 esse
275 3178 398 3236 nomina
418 3177 539 3256 propria
557 3196 620 3236 uon
640 3173 832 3235 infitiandum
851 3177 902 3235 sit.
945 3187 1103 3256 propterea
1128 3181 1162 3237 in
1183 3177 1284 3239 indice

188 3280 290 3339 omnia
312 3277 352 3337 ad
373 3276 588 3360 geographiam
605 3280 771 3360 spectantia
791 3288 927 3338 accurate
950 3281 1049 3340 retuli.
1090 3301 1190 3343 mores
1210 3284 1286 3343 item

188 3383 322 3462 ritusque
338 3382 494 3442 Afticancs
508 3383 590 3442 illius
606 3383 673 3440 aeri
687 3379 759 3440 hino
773 3378 915 3441 discimus
927 3383 1086 3463 praecipue
1102 3381 1183 3463 apud
1196 3385 1286 3443 Men·

188 3501 238 3541 rus
253 3479 352 3541 adhuc
363 3481 548 3544 idololatras.
589 3486 704 3542 Punica
718 3502 839 3565 quoque
850 3486 973 3543 nomina
984 3487 1107 3545 illorum
1116 3487 1285 3562 numinum,

189 3594 224 3644 ut
246 3583 356 3643 Gurzil
366 3605 419 3665 pro
432 3589 503 3645 love
515 3589 664 3645 Ammone
679 3596 710 3645 et
723 3587 893 3647 Masona»
906 3607 961 3666 pro
976 3587 1047 3647 Iove
1067 3589 1213 3647 Tomon'o
1219 3629 1233 3661 ,
1253 3586 1288 3647 id

191 3695 237 3744 est
256 3687 402 3763 Plutone,
428 3685 479 3747 hic
496 3689 677 3748 invenimus.
720 3690 837 3748 utinam
857 3691 1014 3749 meliorem
1035 3700 1141 3749 nacon
1162 3690 1288 3750 fuissem

192 3783 343 3847 codicem!
386 3787 443 3850 sed
454 3787 487 3847 id
499 3792 527 3849 si
538 3788 643 3849 datum
654 3788 733 3850 mihi
744 3810 807 3849 uon
819 3791 893 3869 fuit,
914 3811 977 3852 non
990 3803 1053 3853 erat
1066 3813 1122 3852 cur.
1128 3812 1190 3853 non
1203 3812 1288 3852 oom-

192 3890 378 3950 municarem
401 3892 468 3953 aliis
490 3911 582 3975 quem
601 3895 720 3972 inveni,
742 3891 844 3975 quoad
858 3894 934 3955 alter
948 3905 978 3954 et
987 3896 1132 3976 integrior
1145 3905 1177 3954 et
1188 3914 1289 3955 corre-

194 3993 268 4052 ctior
284 3989 450 4072 detegatur.

276 4095 416 4171 Quinimo
436 4116 524 4179 spero
547 4096 612 4156 fore
632 4107 667 4156 ut
688 4096 834 4157 Iohonmi
851 4098 943 4157 etism
963 4098 1046 4159 velut
1061 4105 1170 4179 poema
1185 4098 1291 4160 libenti
1339 4138 1342 4145 -

195 4196 295 4260 mmo
315 4198 492 4281 excipiatur.
535 4209 638 4259 rumor
656 4202 739 4260 enim
758 4219 777 4260 a
797 4202 944 4282 [fogginio
963 4202 996 4262 in
1014 4202 1127 4287 pluries
1138 4205 1226 4265 citata
1237 4219 1292 4263 sua
