2750 4625
372 337 418 405 lN
436 335 704 404 lonstttttnos
727 334 746 401 1
769 333 922 403 notit.
1119 337 1195 407 221

182 506 255 568 812.
297 499 394 563 oelieci
405 504 521 584 frangi
537 500 576 561 od
595 502 850 581 complementum
866 520 972 563 versus
985 519 1027 561 ex
1037 499 1147 563 Oluod.
1159 502 1198 562 cle

97 600 190 669 raptu
206 592 344 668 Proserpi.
357 593 375 653 1
390 591 450 656 75:
472 600 501 645 et
502 590 629 668 fractae
640 589 812 646 redeuntia
825 588 960 647 chestre
968 588 1130 666 procellae.

182 694 255 755 313.
297 694 381 770 Virg.
406 692 516 769 Georg.
541 691 558 752 1
581 693 661 754 397:
694 692 796 749 tenuia
819 711 873 749 nee
894 689 984 752 ἱιιιιαι
1001 711 1060 767 per
1080 690 1197 750 eoelum

98 775 304 855 telleraserre'.
350 775 432 858 quod
444 776 629 833 Forcelliuns
643 777 674 833 in
686 775 798 833 Lexico
811 776 960 855 explicet:
981 774 1037 833 lroc
1050 785 1094 833 est
1104 775 1197 835 ιιιιόἐι

98 861 242 919 vellemne
253 865 362 920 inetur.
398 863 441 919 sic
452 864 564 920 Lucan.
579 860 600 924 4
616 858 696 925 124:
719 871 748 917 et
756 882 820 940 por
833 860 972 920 Phoebus
988 863 1078 941 aquis
1091 862 1199 924 derum

98 950 132 1006 irs
146 946 259 1005 vellera
271 946 366 1005 orches
377 956 537 1025 sparserat.

67 1047 73 1062 ”
184 1046 258 1113 324.
301 1059 374 1126 puto
393 1053 516 1128 potitum
536 1048 650 1105 Mortis
669 1048 799 1107 harenas·
815 1049 968 1109 meavisse
983 1048 1131 1128 Africam
1150 1045 1198 1106 vel
1280 1111 1283 1118 ,

99 1143 222 1213 propter
233 1133 315 1191 bello
330 1133 393 1190 fere
408 1134 546 1191 continuo
560 1134 602 1190 ibi
614 1132 718 1191 habito
732 1153 750 1192 o
763 1137 918 1210 Romanis,
934 1135 984 1194 rel
996 1146 1119 1215 propter
1132 1133 1201 1192 bel-

100 1221 229 1277 licostnn
243 1218 391 1298 populum
408 1218 541 1277 Africam
561 1219 753 1277 incolentem.
796 1218 907 1278 idcirco
925 1230 1062 1294 uerrunt,
1090 1222 1142 1301 qui
1163 1217 1201 1276 de

103 1307 219 1382 origiue
234 1302 422 1383 Carthaginis
437 1306 634 1383 scripserunt,
657 1306 812 1362 inventurn
826 1306 919 1363 luisse
935 1317 1023 1386 coput
1039 1307 1126 1386 equi,
1149 1307 1201 1385 qui

100 1391 189 1446 Morti
204 1400 249 1446 est
261 1409 359 1462 socer,
381 1391 413 1447 iu
427 1390 491 1448 eins
503 1388 719 1449 fundamentis.
761 1389 844 1448 idem
858 1402 946 1470 caput
960 1388 1105 1448 exhibent
1121 1392 1201 1447 outi-

102 1477 155 1554 qui
176 1476 294 1531 utnnmi
312 1475 394 1533 illius
414 1476 513 1549 urbis,
542 1494 670 1555 quorum
689 1477 791 1555 plures
811 1478 895 1535 aurei
915 1476 1050 1556 argentei
1069 1484 1098 1534 et
1120 1477 1201 1536 nerei

101 1570 221 1617 exstant
237 1562 329 1617 etiotn
343 1562 375 1616 in
387 1579 491 1618 museo
503 1561 664 1619 Trirultio.

187 1664 260 1726 336.
301 1672 372 1719 uoto
396 1661 478 1742 ‹puod
497 1663 638 1740 Virgilius
661 1662 753 1721 octies
772 1662 876 1742 incipit
900 1682 1021 1724 versum
1047 1681 1089 1721 ex
1115 1659 1199 1720 hisce

103 1745 226 1804 vocibus
244 1745 331 1804 haud
344 1746 453 1819 aliter,
473 1768 582 1826 nempe
601 1753 679 1805 Aen·
699 1746 719 1810 4
731 1748 809 1824 256,
832 1750 852 1816 6
864 1749 946 1826 592,
966 1747 1065 1830 9554
1080 1757 1110 1805 et
1125 1751 1199 1823 ¹197,

103 1836 143 1894 10
160 1834 222 1894 360
237 1842 268 1889 et
280 1834 357 1905 716,
381 1833 516 1908 11757,
542 1844 572 1891 et
587 1837 624 1896 12
639 1836 714 1897 723.

184 1934 258 1997 338.
300 1936 447 1994 lorencus
460 1936 597 1999 Prooem.
613 1937 672 2000 282
691 1934 908 2012 flomruiroma
926 1932 1106 1994 descendens
1122 1925 1201 1993 ursle

100 2036 261 2076 coruscans
272 2019 372 2078 iudex.

186 2100 228 2160 ib.
273 2102 430 2163 claudian.
444 2101 481 2160 de
493 2112 631 2182 magnete
645 2120 737 2162 csrnt.
752 2099 794 2167 48
806 2100 864 2167 52:
891 2114 926 2162 ιιι
944 2124 1092 2181 magnum
1112 2124 1202 2183 supo-

101 2186 293 2265 rassulmen.
338 2189 382 2247 ibi
398 2184 532 2268 Pyrrhus
553 2191 700 2267 interpres
720 2190 778 2246 uit:
805 2198 839 2246 tc
859 2189 956 2246 vineis
971 2190 1204 2267 eremmumfirl-

102 2292 180 2330 mers.

187 2355 260 2422 343.
301 2358 385 2436 Virg.
404 2358 486 2419 Aen.
512 2361 533 2422 6
555 2364 591 2424 8:
622 2357 780 2417 obvertunt
794 2350 908 2437 pelago
926 2379 1046 2436 proras.
1067 2370 1097 2418 et
1110 2364 1131 2424 7
1145 2362 1203 2426 85:

103 2453 255 2521 terraeque
274 2445 427 2502 adr⁹ertere
448 2464 558 2523 proras
583 2445 736 2522 imperat,
766 2454 795 2500 et
821 2442 919 2502 laetere
939 2445 1043 2521 fluere
1071 2447 1205 2505 remordit

102 2546 261 2675 οραω319.
303 2611 386 2691 Virg.
401 2610 484 2671 Aeo.
501 2609 594 2677 534:
623 2624 652 2670 et
670 2612 793 2673 tandem
812 2612 887 2673 laeti
904 2623 992 2672 ιιοιαι
1005 2596 1203 2691 advertuntur

102 2714 222 2755 ανοιαε.

188 2780 262 2845 860
303 2801 334 2840 v.
349 2783 475 2863 Procop.
488 2779 617 2841 debello
632 2782 736 2843 Vand.
750 2784 837 2849 228.

190 2881 263 2944 352.
305 2882 431 2941 fortusse
446 2883 657 2963 compendium
672 2906 687 2941 e
704 2885 762 2943 luit
776 2885 919 2965 scriptum
934 2886 990 2963 'pro
1002 2886 1152 2946 consimili
1169 2892 1196 2945 ι’

105 2962 183 3024 illud
201 2976 302 3024 otttem
324 2979 500 3047 usurpatum
520 2989 639 3053 semper
652 2971 711 3028 iuit
726 2989 779 3050 pro
792 2982 851 3042 ert,
878 2968 960 3029 istud
975 2990 1046 3031 vero
1060 2992 1115 3051 pro
1130 2993 1197 3029 oon

105 3053 188 3128 Virg.
207 3052 316 3130 Georg.
342 3055 453 3117 1360·
484 3057 547 3113 ιἀιιι
565 3055 625 3114 sibi
645 3067 710 3114 tum
729 3058 830 3114 crrrvir
850 3055 931 3113 mole
951 3067 1104 3134 temperat
1101 3057 1200 3122 trude
1244 3102 1248 3109 .

105 3137 227 3193 corioro.
271 3138 353 3194 Aen.
371 3141 464 3202 293.
489 3152 518 3197 et
530 3143 619 3199 statio
632 3141 776 3217 malefida
793 3143 915 3199 earinis.
945 3145 1066 3208 et179:
1086 3152 1115 3200 et
1129 3162 1199 3199 eurt-

103 3223 152 3279 eis
164 3241 264 3278 meum
275 3223 418 3280 advexere
433 3227 554 3284 ourirrt'e.

189 3308 261 3370 353.
303 3307 385 3366 voda
397 3310 481 3367 salsa
492 3314 574 3389 Virg.
585 3312 668 3370 Aen.
684 3311 704 3375 5
720 3312 791 3376 158.

189 3395 263 3456 367.
305 3395 485 3452 Bolisarium
495 3398 627 3454 Africum
639 3397 791 3475 appulisse
804 3414 861 3454 nos
873 3392 960 3454 docet
971 3397 1084 3456 Paulos
1098 3393 1201 3456 dioco-

105 3494 163 3534 uus
175 3475 252 3534 libro
270 3479 310 3541 18
325 3478 516 3557 superaddito
529 3484 686 3539 Historiae
701 3482 854 3559 Eutropii,
884 3482 937 3539 ulri
956 3483 997 3539 sit
1017 3480 1102 3562 quod
1112 3485 1203 3542 lusti-

105 3563 288 3641 uieuuspor
303 3564 482 3622 Belisotium
504 3567 714 3625 Vandalorum
730 3577 850 3643 gentem
859 3608 872 3637 ,
902 3577 990 3644 copto
1012 3588 1113 3626 eorum
1135 3580 1205 3648 rege

112 3647 274 3718 Gilimere,
308 3650 463 3728 usquead
480 3652 708 3709 internecionem
726 3650 856 3721 delevit,
887 3650 1093 3731 Afis'oomque
1110 3664 1204 3725 totam

102 3743 173 3809 post
183 3753 279 3789 armos
294 3736 362 3799 96
349 3737 473 3812 emperio
486 3738 626 3795 Romano
638 3738 777 3794 restituit.
801 3690 856 3793 secl
873 3757 919 3795 res
936 3739 1088 3816 proeolore
1102 3750 1204 3817 gestos

107 3818 193 3874 struis
211 3820 271 3880 533
287 3829 316 3876 et
330 3818 371 3884 34
385 3842 404 3878 a
418 3822 564 3880 Belisorio
583 3824 678 3881 fusius
693 3820 849 3900 descripsit
863 3824 1025 3902 Procopius
1045 3825 1115 3904 (qui
1134 3844 1205 3882 eum

106 3911 226 3960 secutus
245 3902 372 3962 lueret
364 3927 395 3963 ru
418 3908 471 3964 illo
484 3905 695 3987 expeditione,
719 3916 822 3987 utpote
839 3907 921 3966 illius
934 3927 954 3966 u
968 3908 1204 3988 secretis)llbris

106 3985 223 4046 (luobus
237 3987 365 4048 debello
384 3992 553 4051 Vandalis-o
562 3994 724 4071 inscriptis.

191 4075 263 4136 869·
309 4075 409 4155 Caput
433 4078 598 4163 Vadomm.
642 4078 789 4158 Procopio
813 4077 852 4139 de
872 4076 949 4137 bello
975 4078 1076 4140 Vand.
1101 4079 1122 4207 1
1150 4075 1248 4149 14..

110 4155 311 4234 vaporanda

192 4246 265 4306 373
306 4265 417 4305 ancora
433 4270 534 4309 morsu
547 4194 629 4328 Virg.
648 4248 730 4309 Aen
751 4250 861 4312 1173.
1108 4278 1115 4289 ·

191 4328 266 4391 381.
306 4332 484 4414 Procopius,
508 4340 576 4417 qui
571 4333 669 4395 huius
686 4337 829 4417 postremi
842 4335 922 4414 rogis
935 4332 1138 4395 vandolorum
1151 4332 1201 4395 hi-
