2750 4625
405 318 673 391 IOHANNIDOS
698 321 779 393 LIB.
803 324 863 394 IV.

168 486 286 567 impius
301 486 356 547 ille
366 484 483 562 ¹Sinon,
506 498 674 573 gentesque
689 488 836 572 dolosque
850 493 978 572 pererit.

170 590 285 647 extulit
301 591 458 668 ignit-egos
471 588 581 667 gelidis
592 601 627 651 ut
638 603 771 655 maestus
785 594 823 652 eb
839 593 928 656 undis

100 690 145 756 25
167 688 314 751 Phoebus
326 709 436 772 equa,
457 701 580 771 potuere
593 691 667 754 doli.
710 705 782 754 tunc
794 697 881 774 signe
893 699 1012 778 tyranni

169 792 320 868 vidimus,
342 790 419 867 heu,
440 795 543 854 miseri
553 798 662 857 nostris
677 812 830 859 occurrere
844 801 948 878 signis,

172 907 204 955 et
218 898 291 955 totis
308 891 428 976 rabidos
443 899 557 977 cempis
568 899 734 960 fervescere
747 901 878 960 Macros.

171 1018 229 1059 nos
242 995 386 1078 peridrnn
398 1012 535 1059 revocore
546 999 674 1083 pedem:
696 1021 768 1061 nem
781 1004 886 1062 sistere
899 1014 1001 1064 contre

173 1103 244 1182 quis
256 1097 393 1180 potercti
434 1104 569 1183 seqnitur
579 1100 704 1183 pcridss
715 1123 771 1183 per
781 1113 866 1185 prete
880 1115 1012 1166 catervas

102 1207 149 1269 30
171 1203 296 1262 Antcles
308 1202 479 1284 studisque
491 1204 605 1267 furem.
646 1208 696 1267 ris
708 1206 792 1267 nuile
804 1207 921 1281 solutis,

174 1317 206 1365 et
220 1305 328 1364 densus
342 1303 473 1384 trepidos
487 1326 597 1387 urgens
609 1306 802 1367 circumvolet
813 1305 919 1368 hostis.

174 1428 255 1468 mors
270 1419 332 1467 eret
347 1418 415 1466 ente
429 1409 548 1485 cordos,
572 1419 602 1469 et
613 1430 703 1490 opem
717 1410 779 1469 fors
792 1407 866 1468 dure
877 1411 1017 1489 negabat.

175 1532 194 1569 ο
211 1513 326 1568 ntincm
339 1509 439 1571 medio
451 1513 613 1572 iacuissent
625 1513 732 1571 funere
746 1508 868 1591 campo!

175 1611 304 1673 dedecus
315 1611 473 1693 indignum
484 1616 593 1675 nostris
604 1615 710 1695 procul
722 1623 800 1675 esset
813 1614 851 1673 ab
867 1614 969 1675 ermis.

108 1714 156 1781 36
177 1726 291 1777 erectus
302 1712 420 1776 medius
431 1716 513 1775 felici
523 1718 619 1781 Morte
628 1715 778 1777 lohannes

175 1818 330 1877 occubuitt
350 1818 444 1880 festus
461 1817 576 1878 domini
590 1838 652 1878 non
667 1819 791 1899 pertulit
802 1815 909 1896 hostis,

175 1932 253 1980 sorte
265 1923 330 2001 peri
344 1941 431 1982 enses
441 1940 499 1981 nec
509 1923 611 1981 timuit
622 1922 756 2001 captivus
769 1917 891 1981 heriles.

175 2042 246 2101 ergo
257 2042 311 2102 per
322 2035 461 2085 extensos
474 2025 594 2104 fugiens
606 2024 794 2104 compellitur
805 2042 893 2102 egros

177 2143 292 2184 currere
303 2126 389 2185 fortis
402 2145 509 2207 equus.
551 2126 653 2186 crebro
664 2136 751 2185 sonet
763 2127 877 2204 ungule
890 2146 991 2200 eomer,

108 2224 154 2292 40
176 2235 263 2308 etque
276 2228 348 2286 feris
359 2226 486 2308 pavidos
499 2239 586 2309 urget
600 2227 638 2288 de
652 2225 805 2287 montibus
818 2222 931 2285 hostes.

176 2328 267 2388 crduc
283 2342 376 2390 cestre
389 2333 483 2411 gerit:
504 2334 618 2411 oempis
631 2331 728 2391 chcr
741 2326 826 2389 cddit
838 2331 960 2408 opertis.

176 2427 235 2489 hnc
247 2431 417 2493 miserande
430 2453 538 2493 menos
551 2435 653 2494 frenos
666 2430 791 2492 deflexit
806 2450 963 2513 equorum.

177 2553 244 2592 cum
256 2536 359 2610 miseri
373 2547 496 2598 tenuere
508 2537 602 2595 Mileu
618 2535 740 2596 castelle
756 2535 879 2608 tribuni,

177 2632 293 2694 dixerat
306 2649 337 2698 et
347 2638 483 2714 medins3
504 2657 561 2698 neo
575 2637 663 2698 nobis
677 2634 817 2695 claudere
832 2646 934 2717 portes

109 2735 152 2803 45
175 2758 244 2797 cnrc
255 2739 323 2797 fuit.
364 2750 496 2801 tutemus
510 2758 621 2822 equos,
642 2756 803 2820 pugnoque
816 2737 948 2819 pedestri

175 2843 338 2920 cingimur,
360 2852 390 2901 et
406 2844 494 2903 tectis
506 2843 660 2903 venientes
673 2843 815 2921 pellimus
829 2840 942 2904 hostes.

175 2945 320 3002 irruerent
335 2946 449 3022 gemini
461 2946 548 3006 turba
565 2950 690 3006 coeunte
702 2947 833 3025 tyranni,

173 3049 428 3129 ngucntenque
442 3047 548 3110 cohors
567 3058 597 3107 et
610 3046 712 3108 densis
726 3047 831 3108 Naffur
844 3049 877 3107 in
893 3052 995 3109 ermis.

173 3160 245 3208 tunc
257 3150 383 3224 Stutics,
404 3169 528 3212 saevum
541 3151 658 3231 fingens
673 3170 860 3230 compescere
874 3152 998 3226 bellum,

107 3253 154 3317 50
173 3253 207 3309 in
219 3250 335 3311 medies
349 3255 428 3314 acies
441 3257 541 3314 stricto
555 3256 637 3315 volnt
650 3256 757 3332 igneus
769 3273 851 3312 ense.

173 3350 315 3411 admonet
328 3366 390 3414 crte
402 3357 482 3417 ieron
496 3359 610 3436 campis
623 3354 766 3415 desistere
779 3356 911 3429 Mauros,

173 3465 205 3514 et
217 3453 336 3517 cohibet
351 3470 485 3539 sumptos
499 3456 631 3519 infandis
647 3456 770 3517 vocibus
783 3458 854 3515 iras.

172 3557 335 3620 discessere
347 3561 432 3621 locis.
475 3563 557 3620 stetit
568 3559 723 3638 improbus
739 3575 848 3636 aggere
863 3554 954 3630 celso,

173 3682 229 3720 cen
240 3659 395 3741 placidus,
416 3662 536 3724 blandis
548 3664 684 3721 nutantia
697 3670 818 3738 pectora
832 3659 931 3718 verbis

107 3761 152 3829 56
175 3765 332 3842 impellens
347 3763 387 3824 cd
400 3765 499 3825 belis:
523 3765 615 3824 simul
629 3763 777 3844 promittit
794 3771 824 3819 et
839 3770 936 3840 urget,

173 3862 369 3947 horteturque
382 3870 464 3928 viros
477 3869 568 3927 rcriis
582 3865 623 3926 sd
635 3867 717 3925 belle
730 3864 844 3942 figuris.

173 3971 428 4046 meminimus,
449 3991 529 4029 nuno
547 3967 677 4030 blondus
692 3966 787 4027 cdest.
829 3975 941 4025 terrore
956 3965 1071 4024 subacti

82 4150 122 4203 23
140 4153 250 4222 putauit.
365 4153 400 4207 ³4
422 4152 520 4207 deictus
543 4154 569 4206 Τ
679 4153 715 4207 35
731 4151 860 4205 evectus?
972 4150 1007 4203 ³6
1024 4146 1137 4202 occurrit
1159 4146 1191 4198 Μ

81 4223 123 4272 40
138 4223 253 4276 moribus
263 4225 289 4278 Τ
382 4223 417 4277 43
434 4222 531 4275 miseris
543 4229 650 4277 terruere
660 4221 732 4276 mites
742 4222 846 4274 crsteilc
856 4218 966 4273 tribunis
978 4221 1003 4272 t·
1094 4217 1129 4272 ts
1138 4213 1190 4268 dcx

83 4298 146 4343 eret
157 4291 190 4344 Μ
290 4293 327 4348 id
342 4291 416 4347 tottis
429 4293 465 4358 Τ,
481 4291 579 4348 edon
680 4291 716 4347 57
733 4299 761 4346 ct
773 4307 860 4346 srrcrc
873 4291 926 4356 ¹12?
