2750 4625
435 274 698 346 loflmmnos
722 276 801 345 LIB.
823 275 864 345 Π.
1142 276 1192 350 45

182 444 339 522 ammius,
362 453 392 504 et
403 442 490 505 auno
502 453 550 505 est
561 459 692 504 vacuam
704 444 766 503 iem
780 446 813 504 ln
827 455 928 505 monte
940 462 1092 520 comica,

182 550 312 632 qualiter
324 548 442 607 inlusae
456 547 547 606 tellus
561 556 695 605 contecta
708 549 832 626 pruinae

183 652 265 710 nube
278 651 367 725 latet,
391 650 548 729 campique
562 656 593 706 et
607 658 725 707 montes
738 649 826 709 arbor
837 661 868 710 et
882 651 978 712 omnis

110 756 164 819 20
183 754 280 828 albet,
302 762 332 811 et
344 753 411 831 ipse
425 752 487 810 suis
502 759 616 809 artatur
628 750 759 810 motibus
775 757 838 813 aer.

184 855 309 935 eripitur
323 853 433 914 erebria
446 853 539 912 facies
554 852 717 911 certissima
730 872 832 913 reram

182 957 344 1030 imbribus,
366 964 396 1013 et
409 955 501 1015 nullis
512 963 675 1014 noscamtur
689 954 788 1015 sidera
805 958 908 1036 signis.

181 1122 186 1131 ,
225 1059 297 1132 Quis
309 1055 443 1118 mihitur
456 1057 583 1138 populas
596 1066 759 1137 gentesque
772 1068 803 1118 et
815 1060 929 1139 proella
943 1069 1025 1118 vates

183 1159 301 1221 ordinet
315 1169 378 1219 arte
393 1157 492 1218 nora'i
532 1169 582 1234 tu,
603 1162 783 1237 Iustiniane,
806 1160 935 1221 favendo

113 1265 160 1331 25
182 1273 289 1325 cancta
302 1260 392 1321 doce:
412 1259 543 1323 admisce
557 1261 666 1322 blande
681 1261 839 1322 dulcedine
852 1266 980 1323 Musam.
1051 1300 1060 1327 ι

180 1374 327 1446 temperet
341 1366 465 1424 insuetis
479 1367 615 1425 enuntia
628 1368 759 1425 carmina
771 1367 885 1426 verbis:

178 1487 252 1527 nam
262 1467 328 1527 iera
339 1466 509 1525 barbaricae
521 1467 632 1527 latrant
644 1489 699 1528 sua
712 1470 834 1528 nomina
848 1469 979 1547 linguae.

210 1551 341 1630 'Primus
351 1570 407 1627 init
418 1568 547 1647 bellum,
570 1571 700 1631 fraterna
711 1582 806 1631 morte
820 1583 947 1646 coactus,

179 1674 350 1730 Maurorum
362 1673 514 1752 princeps,
535 1674 677 1734 Romanis
693 1672 828 1733 subditus
843 1675 916 1733 olim

112 1777 158 1842 80
179 1773 376 1854 principibus,
398 1785 500 1853 gratus
510 1772 635 1835 ducibus
647 1773 784 1857 fidusque
794 1778 954 1856 magistris,

179 1874 320 1951 Autalas3
341 1872 505 1959 duramque
514 1896 639 1937 movens
648 1878 681 1935 in
692 1879 805 1958 proelia
820 1875 957 1937 dextram

178 1978 274 2036 erexit
288 1976 395 2038 furiale
406 1979 553 2054 fremens,
575 1996 633 2060 qua
646 1977 783 2040 turbidus
797 1982 893 2040 omnis

178 2079 299 2159 impulit
309 2091 438 2141 armatai
451 2081 600 2141 bellorum
611 2078 776 2162 adproelia
789 2093 904 2162 gentes.
977 2074 982 2085 ’

177 2181 286 2241 finibus
296 2182 330 2239 in
341 2181 462 2261 Libycis
475 2193 611 2262 suscepta
624 2202 698 2263 pace
709 2182 807 2245 fidelis

110 2285 158 2356 86
177 2284 231 2345 ille
243 2282 316 2361 fuit,
337 2284 501 2366 plenosque
515 2282 619 2346 decem
630 2286 796 2367 perfecerat
808 2306 913 2348 annos.

174 2387 254 2464 heu,
276 2384 359 2446 ducis
375 2389 478 2467 ignavi
491 2389 579 2470 quale
592 2386 764 2449 indiscretio
779 2390 895 2449 bellum

174 2494 285 2568 movit,
306 2499 337 2548 et
350 2490 496 2549 extinctas
509 2490 580 2550 fecit
595 2493 775 2552 recalescere
788 2485 943 2551 flammas!

175 2605 248 2655 tunc
261 2593 346 2652 furor
356 2594 467 2672 incepti
477 2595 577 2673 posuit
590 2594 735 2674 plantaria
751 2593 872 2668 Martis3

175 2692 316 2777 perfidiae
328 2695 440 2754 crimen
452 2694 502 2754 rel
513 2705 612 2754 tantae
625 2698 740 2756 semina
750 2697 854 2754 mortis

112 2796 156 2865 40
174 2799 220 2857 ira
232 2794 324 2857 dedit.
365 2806 471 2877 gentes
483 2798 597 2879 Libyae
611 2799 773 2859 commovit
787 2816 903 2858 amens

174 2902 270 2961 acrior
285 2909 425 2960 attatum
440 2899 568 2960 turbavit
583 2897 724 2961 caedibus
738 2901 853 2960 orbem.

172 3000 254 3063 hunc
267 3004 493 3083 consanguhreis
508 3005 642 3086 sequitur
656 3002 833 3063 densissime
846 3003 953 3064 turmis

170 3105 298 3182 Frexes,
322 3117 352 3166 et
365 3103 479 3166 tumide
493 3104 596 3166 laudat
610 3108 723 3167 cervice
739 3117 903 3186 regentem,

171 3208 255 3268 fortis
268 3227 342 3288 gens
359 3218 389 3268 et
404 3206 478 3267 dura
492 3209 564 3269 viris
579 3208 711 3291 bellique
726 3209 858 3268 tumultu

107 3306 149 3376 45
170 3309 278 3387 effera,
300 3331 354 3372 seu
370 3309 463 3391 pedes
476 3312 501 3370 it
515 3312 628 3391 campis
641 3320 835 3391 praesumpte
849 3329 905 3390 per
917 3304 1028 3383 hostes,

169 3415 234 3473 sire
250 3412 404 3476 frementis
418 3414 487 3496 equi
500 3414 599 3492 pulsat
613 3413 776 3472 calcaribus
791 3430 900 3471 annos.

210 3511 285 3574 Inde
297 3517 379 3577 leves
395 3518 528 3599 equitum
541 3524 656 3574 turmae
672 3517 831 3574 comitante
843 3512 968 3574 Sicllian

168 3634 253 3676 arma
263 3617 364 3678 ierunt
384 3617 509 3699 (saevus
519 3614 655 3675 medium
667 3618 755 3682 volat
762 3617 814 3675 ille
825 3637 880 3697 per
892 3633 1001 3695 agmen

166 3717 239 3779 fisus
255 3715 351 3803 equo)
373 3730 561 3801 armatasque
575 3728 697 3778 movent
710 3685 890 3801 pulsantque
904 3716 1090 3800 phalangam

105 3819 146 3888 60
165 3821 229 3880 Aer
240 3830 271 3880 et
283 3819 448 3882 indomitus
460 3821 536 3881 latos
550 3818 707 3880 discurrit
697 3840 730 3879 m
744 3839 842 3900 egros.

164 3918 238 3983 hinc
251 3921 380 3986 indivise
394 3925 507 3986 bellant
518 3944 574 4006 per
586 3923 667 3983 bella
681 3920 827 4000 cohortes,

81 4089 116 4143 18
129 4092 294 4148 amutal*
393 4094 428 4150 2⁵
444 4091 577 4154 ιιιῐιοιΤ
675 4093 711 4147 26
726 4097 868 4163 nutantque
881 4091 908 4147 Τ
1010 4089 1139 4144 simtu
1153 4086 1178 4138 'l'

80 4158 143 4216 Μ
160 4162 263 4228 ΜΤ
371 4164 496 4232 tltlaeep
496 4145 565 4226 til),
588 4159 728 4232 taeter,
752 4162 884 4217 {meare
990 4160 1026 4214 89
1125 4156 1179 4208 0'1'

79 4175 288 4296 sigalatibcs'l'
385 4179 665 4300 «tilmdaatepsddl
766 4226 1065 4288 saa-mamlius
