2750 4625
184 346 260 420 306
386 344 527 414 ttotstt
550 344 596 415 IN
621 342 816 413 otolctt.
841 343 1067 415 manituti

182 513 278 573 susm
291 512 466 592 mpetu
476 531 594 572 monuo
605 511 683 572 unt
694 510 868 596 ἀμφι,
888 522 917 573 st
929 521 1028 574 matos
1039 510 1183 573 uncam.
1211 509 1288 574 title

185 602 318 661 lli-isson.
333 599 444 660 select.
457 599 596 678 ruttqsir.
638 600 734 660 um.

269 686 323 749 29.
364 684 623 765 monument]
644 692 680 742 ut
697 701 777 766 qnae
798 682 890 743 etim
911 681 1083 763 supientum
1101 681 1206 743 oculos
1225 701 1289 742 sx-

187 769 453 844 meabant,
480 777 556 828 teste
569 767 728 849 Sapients3
757 788 817 851 qus
841 770 934 829 etism
954 765 993 826 tle
1012 785 1102 828 cause
1122 777 1205 827 vetat
1228 769 1287 828 ills

186 855 332 934 accipere.
371 863 405 913 et
422 854 618 913 utubeffin·
648 854 842 914 commatum
866 863 913 914 est
932 854 1019 914 litem
1041 849 1168 933 perdere
1188 855 1287 914 etism

187 959 258 1000 ausu
273 941 325 1021 qui
341 938 435 999 iudici
451 937 526 1020 quid
540 936 672 1016 dederit,
692 949 727 1000 ut
741 935 908 999 secundm
923 958 974 1016 se,
1002 939 1140 1020 quam
1154 939 1188 997 in
1202 939 1286 999 bons

187 1043 294 1101 causa,
315 1022 538 1105 pronuntiarett
560 1044 634 1084 nem
648 1022 861 1106 huncquoque
876 1024 990 1085 odmen
1001 1020 1176 1085 contrahere
1188 1034 1219 1082 et
1230 1026 1285 1084 iu·

187 1109 286 1169 (licem
305 1128 494 1190 conrumpere
514 1108 612 1171 videri
631 1107 723 1171 tradit
737 1111 858 1191 ulpian.
876 1111 910 1172 in
922 1110 946 1172 l.
959 1103 1014 1191 25
1030 1108 1086 1171 ult
1101 1110 1141 1169 ll.
1154 1107 1193 1168 ds
1207 1129 1284 1171 con-

187 1193 259 1255 diat.
272 1196 311 1255 ob
324 1205 404 1275 turp·
422 1214 504 1256 caus.
545 1198 640 1257 Rsrr.

271 1283 326 1346 82.
364 1282 500 1361 goncio]
515 1281 679 1361 magisterii
694 1290 725 1341 et
741 1290 936 1364 qmestssrse:
950 1298 1024 1340 nssn
1038 1278 1094 1340 ills
1108 1276 1170 1339 duo
1182 1279 1283 1340 officis

188 1367 359 1449 {requenter
371 1365 634 1446 coniungebsntur.
677 1366 879 1433 0sssiodor.1
899 1386 948 1447 ep·
965 1369 1016 1431 13.
1057 1365 1153 1424 Rutil.
1165 1367 1283 1425 Numa·

186 1454 262 1511 tiam
276 1453 379 1511 itiner.
395 1456 433 1515 1:
462 1452 799 1535 ‹fffics'ieregeremourn
812 1451 1147 1533 mgnummaguur.
1191 1462 1284 1511 estet

185 1537 292 1597 titulm
315 1538 349 1596 0.
370 1533 583 1598 'theodosiano
596 1539 650 1597 lib.
669 1540 751 1603 6tlt.
770 1542 802 1604 9.
822 1540 965 1599 Dsssrsr.
1006 1545 1134 1617 utroque
1156 1554 1284 1599 munem

186 1622 389 1682 'l’ribouianus
404 1641 525 1705 quoque
539 1622 621 1704 apud
630 1626 830 1684 lastinianum
840 1625 961 1684 ianuas
973 1632 1046 1682 erat.
1088 1623 1186 1682 llsrr.

269 1704 322 1771 84.
369 1708 527 1786 Sopianae
553 1710 718 1768 maiuscula
737 1710 837 1768 littera
860 1703 1091 1768 conscribenda:
1138 1705 1283 1767 alluditur

184 1793 268 1851 enim
283 1793 375 1850 simul
389 1792 428 1851 sd
440 1812 552 1852 nomen
563 1796 760 1875 imperatricis
777 1805 807 1854 et
821 1797 919 1874 ipsam
930 1795 1120 1872 sapientiam.
1140 1794 1267 1853 Bassa.

269 1878 321 1941 88.
363 1875 405 1935 sd
426 1878 553 1937 verbum
575 1898 616 1939 ex
634 1880 732 1958 elegis
746 1877 845 1940 Ovidii
861 1877 901 1938 ad
917 1881 1054 1938 Lirismt
1081 1879 1115 1935 in
1135 1888 1165 1935 te
1180 1879 1283 1938 oculos

185 1981 331 2040 auresque
348 1961 458 2035 ntis,
478 1974 532 2022 tua
540 1963 635 2043 sacta
651 1975 801 2023 notarium.
846 1963 946 2025 Ovidii
963 1962 1045 2039 dico,
1068 1960 1152 2045 quod
1165 1963 1283 2024 validas

184 2049 315 2107 rationes
336 2048 462 2107 arbutea
482 2050 591 2131 quibus
612 2051 663 2108 isti
685 2052 813 2109 munit
828 2047 895 2111 Iob.
908 2050 1110 2126 Passeratius,
1130 2048 1282 2109 invalidas

184 2152 264 2213 quas
283 2134 429 2213 eripiunt,
462 2132 695 2194 invalidissisnss
719 2153 797 2217 quaa
814 2133 930 2194 Pedoni
951 2133 1134 2194 adscribunt.
1176 2145 1281 2194 umen

184 2218 272 2279 nobis
284 2217 450 2278 iucundam
461 2216 521 2279 huo
533 2240 659 2296 nomen,
681 2229 713 2280 et
726 2220 816 2280 facila
833 2240 869 2280 eo
882 2223 1007 2280 utimur.
1048 2222 1171 2278 Basra.

267 2301 321 2369 42.
362 2324 453 2385 supra
467 2303 505 2366 de
518 2326 552 2367 se
565 2304 605 2366 sd
617 2309 782 2368 lustinumt
794 2306 890 2388 fessas
900 2307 1013 2366 Musis.
1056 2307 1182 2366 Bura.

267 2388 320 2453 43.
362 2400 501 2471 utsupra
514 2393 705 2472 Sapientiae,
726 2395 770 2453 sio
781 2390 871 2454 isthic
882 2394 1063 2473 vigilantiae
1078 2411 1190 2455 nomen
1204 2392 1281 2453 scri-

182 2472 326 2552 bendum,
342 2476 515 2555 negligente
528 2479 600 2538 licet
612 2476 784 2540 scholiasta.
826 2480 952 2542 Busa.

266 2559 320 2626 44.
361 2563 444 2621 socri
455 2565 566 2644 apices]
581 2566 738 2626 notissime
749 2564 911 2644 appellatio
924 2564 1186 2644 imperatus-iarum
1195 2561 1281 2622 litte·

184 2665 286 2705 rarnm
301 2655 362 2722 est,
383 2657 418 2705 ut
430 2657 460 2706 et
474 2653 600 2708 ambo.
643 2660 749 2708 nauus
763 2669 834 2709 vero
849 2649 887 2709 ab
899 2652 1078 2729 imperatore
1092 2650 1208 2708 litteras
1223 2667 1282 2706 ex-

183 2728 353 2810 sequendas
372 2727 433 2790 hoc
455 2737 586 2792 carmina
611 2736 763 2814 quaestori
782 2732 879 2794 offert·
899 2736 1025 2793 Bam.
1067 2735 1151 2791 raas·
1166 2735 1282 2810 opibus,

182 2825 217 2873 ut
233 2817 349 2888 sentio,
377 2816 566 2895 appellantur
587 2816 638 2876 hic
652 2837 670 2876 a
685 2820 813 2898 Corippu
828 2821 887 2899 ipsi
899 2816 933 2876 hi
945 2818 1016 2877 libri
1029 2837 1047 2877 a
1059 2836 1093 2876 se
1107 2819 1283 2896 conscripti,

167 2903 285 2977 'utpote
303 2900 356 2979 qui
375 2897 413 2957 de
435 2904 543 2961 lustini
562 2901 702 2962 laudibus
723 2914 846 2982 agerent
866 2902 1025 2983 eidemque
1045 2901 1157 2958 Iustino
1179 2912 1284 2961 essent

181 2982 291 3042 diosus
312 2984 457 3065 quicquid
471 2990 553 3048 enim
562 2985 602 3048 sd
616 2989 811 3069 imperatores
821 2987 999 3068 pertinebat,
1019 3003 1141 3043 socrum
1156 2981 1282 3044 diceba·

182 3078 240 3130 tur.
281 3070 382 3130 Fusa.

265 3152 319 3221 46.
360 3156 492 3237 macab]
513 3158 567 3216 lex
579 3165 642 3231 est,
663 3159 754 3216 etius
768 3157 869 3237 ipsum
880 3154 1031 3235 postulat,
1051 3161 1086 3213 ut
1099 3151 1162 3211 mei
1175 3173 1280 3214 curam

181 3249 326 3322 tanquam
337 3242 416 3300 servi
428 3244 520 3302 vestri
530 3243 709 3320 suscipistis.
730 3243 823 3301 Rrrr.
866 3241 935 3320 lege
948 3237 1006 3298 tibi
1015 3240 1121 3299 macic
1133 3249 1279 3310 cunm,

181 3334 216 3382 ut
228 3328 334 3385 mersu
352 3323 394 3388 sd
407 3348 547 3388 oausacm
566 3327 729 3402 reseratur,
761 3323 844 3409 quod
865 3324 995 3387 suadent
1015 3344 1092 3407 quas
1112 3332 1278 3403 sequuntur

180 3427 212 3470 v.
229 3407 282 3473 48.
311 3413 400 3470 sicin
412 3413 542 3472 Praefat.
555 3431 585 3472 v.
601 3409 655 3476 43.
675 3414 798 3474 Voscn.
840 3431 903 3472 vox
914 3410 1030 3471 samue
1042 3408 1093 3469 hic
1105 3405 1182 3468 mihi
1192 3405 1278 3467 idem

181 3502 268 3553 sonat
289 3513 326 3553 sc
346 3496 504 3556 Musaue.
548 3499 593 3556 sic
609 3497 723 3556 Statius
737 3498 814 3558 Silv-
834 3501 855 3564 8
876 3502 897 3563 8
920 3496 983 3563 216
1000 3496 1120 3577 scripsit
1139 3494 1278 3556 carmon

180 3578 271 3638 alicui
283 3582 400 3640 wadre
410 3602 465 3661 pro
480 3601 662 3663 nuncupare,
684 3580 835 3659 dedicare,
857 3601 1041 3642 consecrac-
1063 3577 1171 3640 eodem
1185 3598 1277 3637 muru

179 3660 289 3816 146ἒῇ
282 3666 429 3808 Gerlippm
448 3678 572 3749 usurpat
590 3688 716 3728 mos
730 3670 748 3733 1
764 3668 845 3747 316,
869 3669 987 3728 ameris
1001 3672 1023 3733 2
1039 3667 1117 3743 162,
1136 3675 1278 3724 mont

357 3769 431 3812 osc.

264 3833 318 3901 46.
359 3837 458 3898 arbori
480 3858 498 3896 e
518 3838 602 3898 fonte
625 3839 742 3899 bibenti
769 3839 884 3899 confert
904 3835 1109 3898 Anastasium.
1152 3831 1278 3893 memini

180 3928 283 3979 autem
302 3922 404 4000 legere
417 3923 599 3994 Aristomeui
622 3922 727 3985 datum
745 3925 909 3999 oraculum,
938 3942 1008 3982 eum
1021 3921 1129 3980 Nedaa
1135 3920 1279 4000 sbmbsia

179 4026 295 4086 quom
308 4006 411 4067 Meus
420 4019 555 4088 potasset
559 4050 573 4080 ,
593 4022 718 4089 coptam
728 4010 770 4068 ἐπ’
781 4010 868 4069 Iram
876 4018 1019 4079 mum,
1039 4017 1068 4065 et
1076 4005 1116 4066 ob
1130 4002 1279 4083 Mpmlsi·

181 4089 278 4151 batum
300 4112 339 4151 ue
355 4093 435 4153 lrs'rus‘
454 4094 525 4153 inde
547 4093 687 4156 baberent.
733 4104 766 4154 at
789 4092 943 4175 caprificus
965 4100 1029 4151 erat
1045 4094 1132 4154 iuxta
1155 4091 1278 4164 flumen,

180 4178 266 4238 caius
277 4179 352 4238 iulis
366 4181 508 4239 incbnsta
520 4180 554 4238 in
564 4181 710 4240 fluentum
721 4180 903 4259 vergebant,
928 4180 1086 4238 Messeniis
1103 4187 1207 4242 satem
1226 4193 1279 4232 oa·

179 4261 298 4334 pri-ficus
315 4263 425 4325 (licitur
441 4259 571 4348 spriyep:
604 4286 641 4325 ea
661 4268 755 4348 igitur
769 4284 812 4326 ex
833 4281 910 4347 aque
927 4264 1048 4322 bibente
1067 4282 1157 4322 muns
1174 4269 1282 4338 captus

183 4352 239 4402 0⁸1·
282 4349 393 4413 sudu
407 4355 438 4411 in
453 4372 525 4413 vose
538 4345 656 4438 τράγος.
698 4348 892 4434 corrigendus
908 4349 1032 4427 Statius,
1046 4346 1153 4408 eadem
1166 4346 1219 4404 ille
1234 4346 1279 4404 si-
