2750 4625
414 344 682 447 romaumoa
703 349 785 421 un.
809 352 869 422 rv.

85 513 154 580 870
174 510 274 573 noluit
288 521 358 573 ante
373 511 463 590 risis,
484 523 551 577 astu
566 514 622 577 'sed
634 517 749 598 proelia
763 528 882 579 tentans

171 617 288 674 auxilio
303 611 447 674 venturus
462 624 537 678 erat.
576 627 651 677 tuno
663 616 756 678 caede
768 620 921 680 tn‘bnnum

17 702 18 749 l
173 736 236 776 uon
252 717 321 777 tulit
333 715 499 778 ardentem.
539 719 653 779 Manus
666 740 837 781 succurrere
849 723 937 783 fessis

174 818 313 894 incaluit,
335 840 512 903 sparaeaquo
524 823 604 880 acies
617 818 656 880 de
667 823 744 883 colle
757 825 875 903 petivit.

175 940 246 1000 ergo
260 922 338 980 inter
353 924 469 981 sooiunt
482 921 626 1003 dirumpit
637 926 756 984 morior
768 936 878 1004 agmen

81 1022 150 1090 876
172 1024 411 1106 martianumque
423 1034 528 1105 petens
539 1034 654 1085 turmas
667 1044 723 1104 per
734 1038 819 1105 prata
831 1040 1016 1110 sequentem,

174 1134 208 1183 ut
221 1123 270 1183 leo
283 1136 447 1187 tenentum
459 1144 569 1206 magno
584 1125 714 1187 clamore
729 1139 848 1188 coactus

171 1225 323 1287 montibus
335 1230 368 1287 iu
378 1224 504 1306 mediis,
525 1229 655 1289 stimulis
672 1239 703 1288 et
716 1231 840 1290 verbera
856 1229 969 1290 caudae

171 1347 276 1408 aspera
291 1337 375 1408 terga
390 1331 470 1390 ciens
484 1330 517 1389 iu
531 1332 645 1412 proelis
658 1334 781 1392 susoitat
791 1332 861 1407 iras,
911 1374 912 1377 ,

17 1504 18 1517 χ
171 1449 222 1491 ore
238 1430 384 1507 fremens,
404 1431 577 1516 frangitque
591 1435 670 1493 riros
683 1437 792 1493 virtute
804 1445 953 1515 potantes.

81 1536 149 1601 880
169 1529 361 1611 congreditur
371 1533 436 1593 riso
449 1554 508 1594 nec
521 1538 642 1596 tert-iura
653 1534 740 1597 hoste
752 1537 890 1595 tribunus

168 1635 271 1709 irruit,
291 1633 471 1716 infensaque
482 1640 581 1697 virum
594 1659 737 1698 mucrone
748 1638 885 1719 petebat:

168 1749 238 1797 aute
252 1734 308 1797 aed
321 1740 488 1817 oppositam
499 1743 637 1800 transivit
648 1742 753 1800 lancea
764 1740 911 1820 pannem,

168 1840 261 1922 inque
274 1841 331 1898 viri
344 1841 432 1900 costis
444 1841 507 1901 lato
521 1844 603 1901 stetit
615 1843 752 1923 improba
763 1842 854 1901 ferro.

208 1944 346 2004 Nascitur
359 1940 430 2002 inde
445 1942 563 2023 fragor:
583 1946 702 2025 magnis
712 1953 853 2003 montano
867 1944 1010 2009 resultant

81 2045 147 2115 886
165 2046 304 2122 vocibus,
326 2055 357 2104 at
367 2046 460 2106 fracto
474 2044 620 2106 crudescit
632 2066 734 2128 pugna
743 2048 884 2106 tumultu.

164 2148 292 2210 Antalae
306 2150 400 2209 virtus
414 2151 561 2208 venientis
572 2152 695 2209 suscitat
705 2152 765 2208 iras

165 2270 311 2334 spemque
326 2247 409 2309 dedit
419 2250 516 2309 victis.
557 2252 667 2311 iterum
680 2269 853 2311 oonurrrere
867 2260 998 2313 certmtr

166 2357 286 2435 agmina
303 2351 464 2412 densentur
476 2353 589 2429 contis,
608 2354 747 2434 aciesque
760 2353 925 2414 notantur(

164 2460 230 2539 ipse
243 2464 276 2514 ut
290 2456 421 2514 collectis
436 2455 563 2514 firmarit
579 2455 685 2514 robore
699 2455 816 2528 turmis,

79 2566 143 2632 890
162 2580 218 2642 per
227 2554 344 2617 medios
357 2571 444 2614 enses
456 2560 594 2638 quotiens
607 2557 769 2615 acerrimus
782 2552 901 2612 hastam

162 2663 265 2736 irnrit,
288 2669 316 2718 et
331 2655 439 2717 densos
453 2658 582 2717 volitans
594 2656 743 2737 perfertur
754 2658 787 2714 in
801 2654 914 2716 hostes.

205 2762 318 2822 Obvius
333 2759 449 2819 ardenti
462 2761 577 2839 primus
590 2778 656 2818 sese
667 2758 776 2816 obtulit
790 2760 898 2835 umus,

159 2865 307 2926 Romulea
319 2881 380 2922 non
395 2874 483 2942 gente
497 2871 598 2935 satus5
615 2879 707 2941 quern
718 2861 837 2918 Persica
848 2870 944 2918 mater

162 2966 255 3028 edidit
270 2964 309 3025 ad
322 2965 453 3042 ballam,
474 2965 573 3044 rapuit
583 2974 686 3022 tamen
696 2962 798 3022 Africa
809 2965 899 3021 matri

74 3070 138 3140 895
160 3070 286 3130 Antalae
301 3078 460 3148 superante
470 3083 579 3125 manu:
600 3083 731 3145 namque
744 3064 870 3140 arduus,
891 3064 1008 3123 hastam

158 3173 272 3234 viribus
285 3173 477 3251 intorquens,
499 3169 631 3246 clipeum
643 3167 793 3226 transfixit
809 3177 839 3226 et
852 3165 979 3225 hostem.

157 3275 292 3354 protinus
305 3271 431 3349 infelix,
457 3271 527 3329 fatis
543 3270 660 3329 oblatus
673 3271 796 3350 iniquis,

155 3376 277 3435 Arsacis
293 3375 435 3451 occurrit,
461 3368 551 3432 crudo
568 3389 660 3452 quern
673 3368 808 3429 fervidus
824 3387 896 3427 ensa

155 3475 280 3536 sutelas
296 3473 430 3535 medium
442 3483 574 3549 truncat,
598 3491 657 3554 qua
671 3474 800 3550 cingitur
811 3488 924 3543 arcum,

68 3582 134 3647 9OE
153 3589 285 3660 extaque
299 3598 354 3660 per
367 3580 503 3658 geminas
518 3577 612 3634 secuit
623 3575 764 3654 spirantia
777 3581 887 3653 partes.

152 3677 226 3741 indo
238 3681 309 3739 ferit
321 3679 466 3761 pavidum
479 3698 620 3738 conversa
633 3674 756 3757 crepido
766 3675 908 3748 Maleum,

152 3784 381 3864 Artemiutnquc
395 3782 499 3842 furens
514 3790 544 3838 et
557 3778 633 3839 duro
647 3780 769 3838 nomine
785 3776 924 3836 Maurum

154 3882 349 3963 transadigit,
369 3886 509 3963 oculoque
526 3884 638 3941 infixus
654 3880 756 3939 deiicit
768 3879 873 3936 ictum.

193 3985 311 4048 Zudius
324 3988 444 4074 eximiis
455 3985 546 4065 longe
558 3981 777 4064 praesumptior
789 3980 880 4048 crmia
971 4022 979 4038 .

63 4171 120 4226 ato
134 4169 217 4224 coluit
232 4175 291 4225 arte
309 4152 382 4242 opud
398 4172 429 4226 Μ
528 4169 578 4224 881
596 4163 692 4220 infosso
729 4163 784 4217 cl*
881 4154 1046 4241 ⁸⁸³.t⁰¹¹³⁶⁸
1063 4151 1116 4205 leto
1128 4151 1162 4206 -d'

62 4241 117 4294 888
133 4238 235 4293 uinetis
255 4242 295 4307 Τ,
320 4241 415 4314 campis
431 4238 464 4291 li
574 4236 627 4291 898
648 4251 700 4289 nou
737 4231 820 4284 dato
930 4226 994 4281 clod
1018 4221 1117 4295 potio
1137 4222 1163 4275 Τ

59 4308 298 4377 aetertum
396 4305 580 4365 899an
677 4299 865 4358 auncurt.
