2750 4625
136 215 215 266 mv
510 193 849 265 mmmm

139 363 239 425 iodsta
254 364 415 424 biblioteoa
429 362 623 424 Trirnlsiana
641 360 691 426 de'
704 365 785 425 rarsi
797 361 830 424 di
840 373 947 448 questo
964 363 1053 445 posis
1073 371 1156 445 parte
1167 365 1230 425 h·

137 469 194 526 tini
208 488 224 525 e
238 478 323 546 parte
334 468 464 526 Italiani.
506 467 528 526 Ι*
541 486 603 526 uno
615 468 633 527 ὲ
643 467 675 525 in
686 485 884 548 pergamena,
906 466 990 527 edin
1004 466 1041 543 43
1062 487 1080 526 e
1094 469 1231 528 condona

139 569 367 639 lsBuroolc'ca,
388 579 467 628 etro
484 569 555 627 libri
571 567 650 628 della
665 570 838 642 Romam,
858 567 914 629 ohe
929 570 948 628 d
966 588 1008 628 an
1021 589 1128 650 poema
1143 589 1232 649 sopra

140 673 170 730 ia
189 670 366 731 fondasione
389 667 420 729 di
443 671 556 747 Roma,
585 692 604 730 e
628 669 677 730 de'
699 674 775 731 varii
795 672 862 731 fatti
883 669 916 730 di
936 670 1005 754 que’
1023 672 1114 750 primi
1126 671 1232 750 tempi,

140 785 216 834 tutte
237 775 337 855 poesia
358 774 476 832 Latiare.
518 774 540 832 1’
554 773 630 834 altro
643 774 662 835 ri
674 785 826 851 cartaoeo,
848 772 888 833 ed
902 775 920 834 ὲ
934 777 966 833 in
980 774 1092 852 sogiio3
1114 794 1132 831 e
1146 790 1232 834 oum-

139 875 252 957 prende
264 878 346 934 varie
361 875 480 956 Elegia,
500 895 543 935 un
557 887 708 955 poemetto
720 877 799 936 salia
810 895 917 956 guerre
931 876 961 935 d'
975 873 1102 947 Adrion,
1123 895 1141 934 e
1154 874 1234 934 solli

140 979 258 1036 rittoria
272 975 303 1037 di
316 998 378 1037 non
391 998 425 1037 so
439 979 510 1062 qual
522 980 686 1055 (dianoni,
707 978 973 1038 medesimamente
986 981 1017 1036 in
1030 980 1109 1037 versi
1120 978 1233 1036 Latini.

141 1078 225 1160 dipoi
243 1099 376 1160 seguono
391 1081 491 1139 donni
503 1082 625 1161 capitoli
639 1084 672 1139 in
683 1083 763 1141 versi
778 1083 916 1157 Iuliani,
936 1078 993 1139 ohe
1007 1078 1108 1138 hanno
1123 1100 1179 1160 per
1190 1081 1233 1139 ti·

141 1181 202 1240 tolo
221 1181 355 1244 Vienna
368 1186 512 1241 mutum
527 1203 597 1242 cum
609 1186 691 1244 onais
703 1185 954 1262 oonsle‘atantium,
970 1184 1135 1261 sumposion
1146 1204 1168 1241 a
1181 1182 1234 1243 Io-

141 1285 242 1343 hanne
255 1286 292 1343 da
304 1285 400 1344 Bonis
415 1285 453 1344 de
465 1286 572 1345 Aratio
578 1309 591 1362 ,·
613 1307 630 1345 e
644 1297 749 1369 questo
763 1297 914 1366 poemetto
930 1287 964 1344 in
976 1296 1057 1343 terra
1070 1285 1146 1344 rima
1164 1287 1233 1345 rol·

142 1403 214 1466 gara
226 1388 244 1445 i
257 1389 289 1444 iu
300 1396 376 1445 setta
389 1391 469 1446 conti
483 1382 614 1452 diviso.”
647 1389 807 1448 ‚Francisai
822 1389 946 1447 Antonii
960 1399 1061 1447 autem
1070 1385 1235 1448 Zachariae

141 1490 232 1547 verina
252 1486 328 1548 haer
347 1500 417 1549 sunt
438 1493 472 1549 in
490 1492 631 1552 Εωιιηιι
651 1492 796 1551 litteram
814 1509 843 1547 a.
865 1492 911 1554 16
927 1508 959 1570 p·
975 1493 1055 1555 8222
1076 1482 1235 1552 “Instabat

140 1588 473 1673 quadragesimalium
486 1597 558 1654 anni
571 1595 665 1662 1752.
706 1593 857 1654 Florentia
870 1593 962 1670 igitur
974 1591 1107 1671 discessi,
1121 1606 1156 1656 ut
1166 1598 1235 1655 He-

142 1690 297 1750 diolamun
318 1713 368 1753 ma
388 1697 570 1773 emisenam,
599 1699 652 1757 ubi
674 1699 707 1756 in
727 1697 762 1757 S.
781 1693 894 1753 Fidelis
917 1690 1042 1755 aedibus
1061 1698 1236 1757 oonaionem

142 1814 226 1854 eram
238 1793 393 1857 habiturus
410 1818 451 1858 ex
464 1801 562 1859 Patris
577 1801 738 1860 slmonetti
752 1797 856 1859 domui
868 1795 1069 1876 professorum
1081 1802 1184 1878 paucis
1196 1801 1235 1859 ab

141 1896 213 1957 hino
227 1899 312 1958 amris
325 1902 489 1979 praepositi
502 1902 666 1961 rolmrtate.
708 1913 797 1985 etque
812 1910 844 1959 ut
858 1900 931 1958 illua
948 1902 1036 1975 reni,
1058 1899 1121 1958 adii
1133 1903 1237 1960 statim

142 2002 242 2059 Ernirn
259 2003 527 2062 Penteobonellnur
549 2002 731 2064 oardInolem
749 2004 969 2084 amplisshnum
984 2014 1014 2062 et
1027 2003 1237 2066 Mediolanen-

137 2095 208 2164 sem
227 2101 485 2186 archiepiscopum
506 2107 590 2166 omni
612 2104 779 2167 eruditione
797 2108 968 2180 excultum,
988 2109 1041 2188 qui
1055 2125 1172 2165 summa
1185 2126 1237 2166 me

143 2203 331 2268 humanitate
351 2209 527 2286 complexus
543 2210 669 2288 longum
681 2208 721 2268 de
735 2211 888 2270 litterariis
903 2211 992 2269 rebus
1007 2228 1176 2270 sennonem
1186 2212 1237 2268 in-

143 2312 250 2370 stitnit.
283 2308 323 2369 ad
336 2306 426 2370 aedas
436 2312 477 2370 ol.
491 2309 606 2371 maroli.
619 2311 773 2372 Theodori
785 2312 951 2373 Alexandri
962 2314 1105 2373 Trirultii
1118 2324 1237 2395 postero

144 2409 193 2470 dia
206 2409 331 2489 adcessi,
353 2425 383 2473 et
395 2432 516 2492 novum,
538 2434 598 2498 qua
613 2417 840 2478 ualentissimum
852 2414 1066 2476 bibliotheoam
1080 2432 1167 2476 snam
1180 2434 1237 2475 au-

143 2526 246 2591 xerat,
267 2517 413 2576 librorum
433 2536 496 2577 mss
517 2516 723 2602 editorumque
742 2520 962 2600 supellectilem
980 2521 1088 2579 lubens
1105 2520 1239 2600 inspexi.

141 2618 223 2678 inter
241 2638 303 2679 mss
323 2617 440 2679 oodioes
456 2619 581 2678 Ιοωιηὼ
594 2619 632 2679 de
643 2621 740 2682 Bonis
752 2621 876 2681 Amas
889 2623 993 2682 Italion
1007 2633 1037 2682 et
1052 2624 1158 2683 Latina
1171 2641 1238 2681 oar-

143 2723 227 2778 mina
246 2740 308 2779 non
324 2740 387 2780 nno
407 2723 560 2781 rolrnnine
583 2721 797 2804 oompreheusa
819 2719 988 2786 adservat.”
1029 2723 1187 2785 audiamus
1208 2734 1240 2783 et

144 2840 191 2881 oo.
211 2821 476 2899 Mazznoheliirun‚
498 2826 551 2906 qai
569 2826 648 2883 inter
668 2826 831 2904 Scriptores
851 2830 961 2889 Itals'rse
981 2828 1063 2908 (vol.
1079 2829 1101 2890 2
1116 2825 1240 2903 period

144 2925 268 2982 Brixiae
285 2927 431 3004 impressa
452 2928 578 2991 a.1762
596 2927 746 3006 p.1665)
768 2925 933 2986 Iohannem
954 2946 1073 3008 quoque
1092 2922 1239 2982 dolionis

144 3036 279 3085 recenset
292 3022 351 3087 hoa
369 3028 505 3086 articulo.
552 3018 729 3085 “Giovunni
743 3026 780 3085 de
794 3029 887 3087 Bonis
899 3030 1023 3087 aretum
1037 3026 1100 3085 fiori
1116 3027 1195 3085 cirea
1208 3026 1240 3084 la

145 3127 205 3188 fine
230 3127 281 3187 del
306 3131 406 3190 secolo
428 3136 479 3198 13.
529 3131 556 3189 si
576 3126 681 3187 dilettd
700 3127 734 3187 di
752 3132 855 3209 poesia
873 3129 980 3188 Latina
1001 3149 1018 3187 e
1039 3129 1177 3208 volgare,
1206 3130 1240 3187 in

146 3229 295 3291 amandus
308 3233 339 3292 le
352 3232 436 3315 quali
448 3229 489 3291 lua
503 3232 619 3292 lasoiati
631 3233 694 3312 varj
711 3232 958 3311 componimenti‚
981 3231 1046 3291 ciui
1067 3232 1097 3290 la
1113 3232 1239 3289 ‹Buooo-

146 3332 208 3391 lica
215 3377 227 3406 ,
249 3356 266 3393 e
287 3337 318 3396 la
339 3334 489 3395 Romulea
509 3337 542 3394 in
561 3344 607 3394 tre
622 3334 693 3394 libri
708 3334 757 3393 ne'
773 3334 855 3416 quali
867 3344 956 3393 natta
967 3331 1048 3393 della
1061 3331 1240 3392 fondatione

147 3431 180 3493 di
192 3437 287 3494 Roma
302 3459 319 3495 e
335 3436 366 3496 di
381 3440 444 3518 varj
458 3438 525 3497 fatti
541 3435 574 3496 di
587 3436 655 3519 que’
668 3437 759 3517 primi
770 3437 874 3515 tempi,
896 3432 953 3493 ohe
967 3437 1095 3496 esistom
1109 3454 1126 3494 a
1140 3454 1241 3515 penna

147 3536 180 3594 in
195 3558 237 3596 uu
253 3536 356 3599 radica
368 3540 401 3598 in
415 3538 436 3602 4
449 3538 529 3599 della
544 3540 666 3598 libreria
680 3537 732 3599 del
745 3536 880 3599 chiariss.
893 3538 959 3617 sig.
973 3536 1087 3597 Marah.
1100 3535 1241 3597 Teodoro

148 3640 330 3703 Alessandro
353 3642 489 3701 Trirulzi
510 3644 543 3700 in
561 3642 691 3718 Milauo,
712 3662 815 3723 presso
834 3641 865 3699 al
887 3640 976 3723 quale
992 3661 1035 3699 un
1048 3643 1125 3701 ultro
1138 3639 1241 3701 codice

137 3736 182 3798 'iu
203 3742 297 3820 foglio
319 3745 347 3803 si
367 3762 525 3820 conversa,
551 3745 584 3803 iu
606 3746 655 3802 oui
677 3762 741 3802 mss
763 3744 790 3803 si
808 3754 934 3803 travano
959 3746 1041 3802 varie
1061 3744 1157 3821 elegia
1179 3745 1241 3802 Le·

149 3845 227 3919 tine,
260 3864 302 3902 un
318 3838 473 3925 'poemetto
493 3846 572 3905 sulla
589 3864 696 3924 guerra
716 3842 746 3902 d’
769 3843 896 3920 Affrios,
932 3866 950 3903 e
969 3845 1048 3904 sulla
1069 3846 1188 3903 rittoria
1209 3843 1242 3903 di

149 3967 190 4006 un
217 3956 297 4005 nerto
325 3949 474 4009 Giovanni
497 3968 571 4028 pure
598 3949 631 4006 in
654 3949 784 4021 Latino,
819 3968 836 4006 a
864 3967 907 4006 un
929 3957 1080 4026 poemetto
1106 3949 1139 4005 in
1161 3957 1241 4005 tenu

151 4053 226 4109 rima
246 4032 368 4130 uulgare
386 4047 482 4109 diviso
503 4048 535 4107 in
554 4059 629 4109 setta
649 4052 729 4109 canti
748 4049 916 4109 intitulato:
949 4049 1082 4109 neom
1099 4051 1242 4121 virutum

150 4172 220 4209 emo
240 4154 321 4211 vitiis
343 4152 580 4232 constaturam
586 4195 600 4228 ,
630 4154 703 4215 tutti
734 4151 969 4235 componimeuti
993 4147 1046 4210 del
1065 4160 1166 4211 nostro
1186 4167 1241 4208 au-
