2750 4625
422 307 480 377 DE
504 308 715 381 tammus
738 309 908 380 lllS'l’lNl.
1140 311 1217 385 367

110 478 259 537 observat.
274 474 416 557 europei.
429 476 549 556 margia
560 487 665 552 vocat,
687 478 721 535 iu
743 476 851 558 quibus
862 476 960 555 lapilli
976 485 1007 535 et
1022 479 1213 557 margaritae,

109 572 141 623 et
161 563 221 622 alio
244 563 312 622 loco
328 557 457 646 τζᾶγκαν
471 573 606 642 usurpat.
649 561 813 621 dictionem
827 581 893 623 osse
908 563 1068 621 Turrioam
1082 564 1149 623 vult
1159 567 1212 623 lu·

108 650 194 724 nius,
215 657 308 729 atque
327 645 377 708 lris
396 649 454 708 soli
474 650 669 727 imperatores
682 648 852 708 utebantur.
873 649 1024 710 Drursr:
1056 648 1103 707 1³1.
1116 650 1212 728 Vopi-

109 753 178 793 scus
199 734 234 793 in
253 736 317 793 rita
335 733 491 793 Aureliani
511 734 613 793 scribit
631 754 703 793 eum
721 734 827 793 tulisse
844 734 917 792 viris
938 731 1078 791 omnibus
1096 732 1211 793 aalma
1239 806 1242 811 r

108 817 248 890 mulleos,
270 838 312 877 ex
326 837 390 900 quo
400 818 568 878 Salmasius
580 819 696 898 colligit
707 838 770 878 uon
782 829 852 878 ante
864 819 1062 878 Aurelianum
1074 819 1210 897 proprios

108 912 227 963 tantum
248 903 343 962 fuisse
363 905 578 983 imperatorum
597 905 715 963 calceos
738 904 861 979 rubros,
891 922 967 984 quos
990 912 1095 962 censet
1113 900 1209 963 dictos

107 1008 174 1050 esse
190 987 317 1047 mucor
329 1008 347 1048 a
360 989 443 1069 pisce
458 985 550 1049 buius
560 992 702 1053 nominis.
746 991 898 1049 enirnvero
910 990 1064 1068 Oppianus
1075 988 1208 1048 Halieut.

109 1078 126 1139 1
151 1075 214 1137 130
234 1075 313 1132 rosei
333 1074 440 1133 coloris
455 1072 538 1134 bono
551 1076 667 1154 piscem
680 1075 771 1149 facit3
794 1084 825 1133 et
841 1074 956 1134 Seneca
970 1076 1038 1132 Nat.
1053 1074 1210 1146 Quaeras

108 1159 166 1222 18:
186 1156 267 1215 mitt
286 1168 342 1230 est,
362 1160 478 1240 inquit,
501 1159 596 1219 mullo
617 1163 786 1237 exspirante
795 1160 974 1239 fitmsosircs.
1019 1160 1088 1236 ipsa
1111 1157 1209 1217 collu-

106 1244 236 1300 ctatsone
247 1246 384 1302 animum
395 1247 501 1325 agend
510 1243 602 1304 rubor
605 1248 758 1325 primum,
778 1245 885 1305 deinde
891 1243 996 1323 pauor
1007 1242 1209 1323 suffunditur.

106 1337 276 1407 praeterea,
304 1331 332 1388 si
355 1331 479 1389 Festum
502 1329 605 1405 audis,
635 1330 755 1389 multas
778 1330 888 1389 calesti
910 1349 995 1408 reges
1013 1326 1210 1387 Albanorum

101 1414 199 1490 pruni
219 1415 269 1472 uei
288 1424 372 1489 sunt5
395 1426 425 1474 st
439 1417 497 1475 Dio
510 1414 552 1479 48
574 1417 634 1492 48,
655 1415 777 1476 tradens
793 1416 905 1474 Iulium
917 1415 1077 1474 Caesarem
1091 1413 1208 1472 micea-
1271 1478 1276 1491 ,

104 1500 216 1557 mentis
234 1500 280 1557 uti
300 1498 452 1559 interdmn
473 1503 663 1561 consuevisse
684 1521 769 1561 more
787 1520 894 1580 regum
913 1499 1081 1580 qui-Albae
1096 1516 1207 1577 regna-

105 1592 185 1658 runt,
208 1581 291 1664 quod
304 1587 386 1665 ipsos
402 1605 513 1665 genere
527 1589 714 1666 contingeret
726 1596 849 1667 propter
863 1586 984 1660 lulimu,
1005 1584 1110 1643 scribit
1123 1582 1206 1665 quod

105 1668 315 1730 calceamentis
330 1671 486 1730 altioribus
498 1680 529 1731 et
540 1672 623 1731 rubri
634 1672 742 1732 coloris
755 1672 903 1731 utebatur.
947 1672 1047 1729 Foco.
1114 1732 1117 1738 ,

191 1757 262 1820 118.
304 1758 493 1837 wamiam]
516 1755 598 1837 quod
618 1758 652 1815 in
672 1757 822 1836 syllabam
842 1765 962 1835 peccat,
983 1773 1044 1814 non
1065 1754 1131 1813 sine
1149 1773 1205 1813 sua

104 1838 219 1898 ratione
242 1839 331 1899 facit:
352 1858 425 1900 nam
447 1861 508 1901 vox
530 1842 583 1900 illa
605 1840 722 1902 dudmn
740 1842 888 1900 latinitate
907 1848 1027 1918 recepta
1047 1849 1126 1914 erat,
1147 1860 1204 1898 nec

103 1925 167 1982 iam
187 1926 337 2005 originem
355 1945 442 1986 suam
460 1927 629 2006 spectabat,
648 1947 705 1986 usu
724 1924 911 1986 Christianae
931 1931 1056 2004 pobseos
1072 1924 1136 1984 alio
1147 1926 1205 1983 llo⁴

103 2019 213 2070 cteme.
255 2030 311 2089 per
322 2032 371 2071 res
382 2031 484 2071 rerum
498 2021 674 2091 argumenta
690 2010 871 2070 iudicantur.
913 2011 1048 2068 lulianus
1063 2010 1102 2067 10
1117 2029 1144 2067 c.
1164 2014 1202 2074 11

103 2091 144 2153 ad
156 2097 193 2154 1..
203 2097 377 2176 Aquiliam:
398 2096 498 2156 nuella
514 2108 616 2156 aretem
634 2099 701 2155 iure
721 2096 808 2155 civiti
818 2104 924 2154 comm
937 2095 1083 2150 mserum
1096 2092 1202 2170 despu-

101 2179 191 2239 tandi
205 2201 264 2259 pro
285 2181 417 2241 cutim
436 2184 588 2241 commui
604 2192 723 2259 recepta
745 2175 1096 2238 memorabilibus
1115 2175 1204 2236 rebus

98 2264 226 2343 probari
231 2277 340 2347 potest.
376 2265 576 2327 Claudianus:
598 2285 775 2345 quanquam
786 2263 882 2323 nudis
893 2261 970 2321 mitt
980 2262 1103 2342 cognita
1113 2259 1203 2321 reim

93 2349 212 2431 sabula
223 2355 276 2411 vie
288 2361 373 2411 tauto
383 2354 453 2410 risit
464 2352 502 2412 cle
513 2353 639 2409 crimine
648 2370 766 2410 rumor.
805 2352 935 2408 Bam

185 2434 228 2497 ib.
273 2437 461 2517 rnqatuium]
484 2439 528 2496 sic
549 2436 629 2494 infra
649 2435 670 2499 4
691 2434 770 2500 274:
791 2454 831 2493 no
851 2452 943 2515 quem
962 2428 1095 2492 offendat
1111 2428 1203 2492 liuius

101 2520 187 2580 verbi
207 2521 325 2601 syllaba
344 2530 446 2580 contra
460 2520 635 2600 prosodiam
648 2522 795 2579 Graecam
808 2529 960 2599 correpta,
981 2514 1137 2576 sciendouu
1150 2536 1202 2577 sa-

102 2623 169 2664 cros
181 2612 286 2684 politas
298 2606 362 2664 fere
374 2625 480 2666 omnes
494 2605 533 2666 de
544 2604 693 2666 industria
704 2607 802 2666 'solere
814 2602 873 2664 hoc
886 2605 1037 2676 factitare,
1059 2611 1093 2660 ut
1106 2603 1201 2681 sylla·

101 2689 172 2765 bas,
192 2709 272 2771 quae
291 2688 373 2770 apud
392 2692 522 2752 Graecos
540 2692 649 2771 longae
665 2702 752 2766 sunt,
773 2693 833 2770 ipsi
846 2691 952 2749 breves
966 2688 1080 2746 faciant
1093 2689 1126 2745 iu
1139 2685 1201 2746 hu·-

100 2774 233 2835 iusmodi
246 2775 419 2835 nominibus
431 2795 508 2857 quae
522 2796 540 2835 a
555 2778 676 2836 Graecis
690 2778 821 2835 mutuati
830 2775 911 2835 bunt.
949 2773 1093 2851 exempla·
1103 2773 1201 2831 multa

99 2870 167 2918 tum
187 2859 269 2941 apud
286 2863 363 2921 alios
375 2865 489 2941 passim
504 2863 593 2924 obvia
608 2873 678 2922 sunt
691 2873 758 2921 tum
771 2860 853 2941 apud
867 2857 1080 2933 prudentium,
1102 2858 1155 2917 ubi
1170 2867 1200 2916 et

100 2947 228 3006 Victoris
241 2948 368 3006 Giselini
380 2946 583 3008 eruditissima
596 2945 712 3008 scholia
725 2945 784 3006 hoc
796 2950 898 3027 ipsum
908 2943 1082 3004 admonent.
1104 2944 1198 3002 llrrr.

186 3031 259 3096 114.
302 3052 342 3091 an
353 3033 465 3093 melius
477 3034 571 3093 forte:
588 3044 618 3090 et
629 3043 710 3092 cocto
722 3032 844 3091 lucidus
858 3030 958 3089 cebo?
999 3039 1035 3088 ut
1046 3028 1198 3105 Virgilius,

100 3134 193 3196 quem
211 3119 346 3177 imitatur
365 3120 501 3199 saepius,
522 3130 552 3177 et
563 3129 644 3178 cocto
657 3120 771 3177 murice
784 3120 921 3176 aarum.
967 3113 1022 3175 sed
1037 3131 1099 3171 nou
1112 3131 1198 3190 opus,

99 3211 131 3258 et
143 3202 240 3280 magis
253 3212 299 3261 est
314 3214 348 3262 ut
360 3205 710 3284 vulgatampraeferam,
731 3205 868 3285 quamvis
883 3199 1004 3260 luridus
1017 3207 1096 3256 recte
1107 3215 1198 3255 roce-

99 3295 149 3344 tur
164 3288 191 3345 is
206 3289 259 3368 qui
273 3306 404 3366 purpura
418 3300 463 3349 est
477 3289 617 3365 indutus,
639 3309 701 3371 quo
716 3286 812 3348 modo
828 3297 858 3346 et
876 3286 979 3344 mma
994 3282 1032 3342 de
1047 3300 1199 3361 purpureo

100 3372 201 3432 colore
221 3392 257 3432 ac
275 3391 407 3451 purpura
428 3373 547 3435 dicitur.
589 3374 660 3434 vide
681 3374 811 3434 Salmas.
829 3369 871 3430 ad
888 3369 1018 3429 Tertull.
1037 3367 1116 3429 Pall.
1134 3372 1195 3436 ol

98 3476 130 3537 p·
143 3459 196 3523 96.
239 3459 385 3521 Ramires.
399 3457 646 3519 Pentecontarch.
659 3479 685 3518 c.
698 3463 719 3521 2
730 3457 782 3516 fin.
824 3458 946 3517 Vorcx.
1055 3509 1060 3517 .

56 3537 60 3550 ’
182 3542 230 3603 ib.
271 3544 369 3623 moto]
399 3545 506 3603 malim
516 3545 621 3625 sueto,
648 3540 771 3604 honest
790 3541 951 3600 elaborato.
995 3536 1101 3616 virgil.
1119 3538 1196 3595 Aen.

101 3631 141 3692 10
161 3627 242 3695 627:
270 3639 345 3688 armi
359 3632 432 3688 auri
444 3632 583 3708 ponderas
594 3630 703 3709 sacti,
729 3627 892 3706 desertique
911 3622 997 3683 mr'hs‘.
1042 3631 1088 3681 est
1105 3623 1198 3701 igitau

98 3731 205 3773 aurum
224 3716 339 3775 labrum
357 3733 472 3773 aurmn
482 3735 544 3776 non
563 3712 657 3789 rude,
680 3710 737 3772 sed
752 3712 953 3786 elaboratum,
975 3727 1016 3766 ex
1030 3726 1089 3789 quc
1104 3709 1197 3765 nimi-

98 3816 167 3855 rum
181 3799 295 3882 aliquid
307 3801 423 3860 iactum
437 3802 486 3860 sit.
529 3801 650 3880 Ulpian.
664 3800 687 3856 l.
730 3799 808 3857 Gum
824 3815 941 3855 aurum.
982 3796 1021 3852 D.
1036 3791 1074 3852 do
1088 3811 1151 3850 aur.
1166 3801 1197 3851 et

98 3900 163 3960 arg.
183 3886 293 3964 legat:
326 3907 398 3945 cum
420 3906 531 3946 aruum
552 3884 603 3945 cel
621 3893 782 3964 argentum
805 3882 939 3962 legatum
958 3890 1020 3950 eat,
1040 3874 1199 3958 ⁴quidquid

97 3969 170 4024 auri
187 3973 363 4052 argentique
379 3971 518 4031 relictum
530 3982 574 4030 est
585 3970 684 4050 legato
700 3970 878 4038 wmbuac,
898 3969 926 4026 ai
931 3965 1058 4045 saeuam
1069 3964 1131 4019 eive
1146 3961 1197 4017 in·

88 4051 210 4132 seruam
221 4057 270 4114 sit.
315 4059 414 4119 Foco.

184 4140 255 4203 115.
297 4141 447 4221 fulgorem
468 4143 562 4203 baltei
583 4142 692 4201 sumsit
712 4159 730 4198 a
751 4140 874 4197 Marone
894 4145 1052 4196 mutuum:
1088 4127 1196 4207 inseb'x

94 4225 219 4285 imm
246 4244 317 4283 oum
338 4231 491 4306 apparuit⁴
509 4227 572 4288 alto
595 4226 731 4296 balaac,
755 4234 783 4282 ot
805 4225 882 4282 notis
892 4218 1053 4300 fulserim!
1071 4212 1198 4293 cingula

96 4309 200 4369 bullis.
247 4320 295 4369 eet
311 4330 383 4370 vero
396 4312 512 4371 belsan
524 4323 588 4373 tam
598 4311 746 4371 muliebre
765 4327 857 4389 quam
870 4306 956 4388 virile
973 4311 1142 4382 gestuum,
1166 4307 1198 4357 ut

144 4420 245 4477 neos.
265 4425 292 4475 et
313 4418 373 4473 Cor.
724 4459 731 4481 ,
947 4398 990 4464 28
