2750 4625
417 1093 1018 1205 'NIEBUHR'H‘
1082 1097 1158 1154 '¹'

233 1269 829 1466 ῠΕΕι,Ιν1ΕΒοΒΑυΒΕ
859 1307 1210 1464 omnino,
1255 1455 1260 1468 .

611 1581 822 1596 pq—p--u--n

89 1843 116 1898 p.
133 1824 159 1878 V
173 1771 262 1878 lnter
284 1813 401 1875 codices
421 1814 618 1878 bibliothecae
636 1820 842 1900 sangallensis
863 1819 964 1898 plures
979 1825 1097 1875 exstare
1111 1816 1269 1895 resniptos

172 1921 327 2001 quaerenti
344 1917 421 1976 mihi
440 1922 552 1979 Anxius
571 1941 602 1980 v.
624 1919 661 1980 cl.
685 1921 845 1995 indicavit3
868 1940 902 1979 ac
921 1938 995 1977 mox
1010 1937 1114 1977 omnes
1130 1917 1268 1975 collectos

172 2018 212 2079 ed
231 2021 455 2100 inspiciendam,
467 2023 586 2080 obtulit.
629 2025 741 2082 etenim
754 2025 816 2084 iam
831 2021 946 2106 dudurn
960 2030 1095 2080 emme
1110 2019 1267 2078 examina·

170 2124 210 2181 tis
231 2123 357 2200 singulis
379 2120 548 2198 codicibus,
569 2125 664 2183 sicubi
689 2123 804 2208 aliquid
825 2122 915 2184 huius
937 2101 1053 2202 generis
1074 2123 1267 2201 conspiceret,

170 2243 233 2281 non
255 2226 354 2284 solum
374 2223 407 2281 id
425 2244 488 2282 non
509 2226 732 2285 inobservatum
750 2229 941 2306 neglexerat,
962 2243 1067 2283 venem
1082 2225 1188 2296 etiam,
1210 2217 1267 2279 ad-

169 2324 265 2385 nibito
280 2325 498 2385 medemena
516 2320 738 2404 sumanus,
763 2327 837 2411 qna
852 2329 925 2387 snm
939 2316 1082 2407 seipsum
1095 2328 1202 2386 fuant
1215 2327 1267 2382 n-

168 2430 384 2507 cestigeverat3
405 2431 506 2508 itaque
519 2429 611 2510 probe
626 2443 820 2510 cognoverat,
842 2430 976 2512 mihique
989 2429 1147 2502 indicavit,
1169 2429 1201 2485 in
1215 2446 1265 2484 re-

169 2528 260 2611 liquis
275 2529 398 2610 quidem
411 2529 562 2589 codicibus
578 2542 628 2590 aut
641 2534 785 2592 librorum
797 2553 948 2593 sacrorum
961 2543 1013 2590 eut
1026 2541 1195 2590 sanctorum
1207 2546 1265 2607 pa·

168 2639 250 2688 trum
269 2633 394 2710 paginas
416 2632 529 2691 deletas
547 2631 667 2710 haberi,
689 2656 783 2694 unmn
802 2656 865 2695 esse
882 2638 915 2693 in
932 2654 991 2715 quo
1009 2633 1148 2691 carnainis
1164 2630 1265 2688 Latini

168 2733 314 2812 reliquiae
328 2744 507 2812 eppereant:
528 2738 607 2794 inter
620 2735 694 2812 has,
715 2739 769 2797 ubi
780 2740 945 2798 litterarum
959 2736 1065 2796 dauns
1077 2735 1178 2793 minus
1191 2726 1265 2789 eva4

166 2833 305 2908 nuednt,
326 2835 441 2914 aliquot
461 2856 494 2894 se
517 2837 627 2913 legisse
647 2858 772 2914 versus,
794 2861 870 2920 quos
886 2837 1142 2922 neqna‘mtmoris
1158 2834 1215 2891 sibi
1229 2833 1264 2888 in

167 2939 333 3014 poetam,
354 2955 430 3017 quos
440 2937 580 2997 classicos
591 2948 743 3012 vocamus,
761 2943 845 2998 libris
856 2940 1041 3010 indicaverit,
1056 2954 1155 3012 neque
1166 2949 1262 3010 quae-

166 3032 260 3093 rendo
273 3037 435 3097 invenerit:
457 3048 641 3113 colemanno,
655 3050 778 3119 propter
790 3039 975 3097 debilitatem
987 3036 1142 3095 oculorum
1153 3031 1260 3106 aciem,

166 3137 204 3195 ab
219 3141 398 3199 accuratiore
412 3142 604 3222 inquisitione
624 3141 771 3199 abstinere
789 3139 945 3199 debuisse:
968 3154 1083 3197 samse
1097 3136 1206 3212 capere
1219 3132 1260 3191 ab

166 3238 267 3321 aliquo
285 3242 417 3315 institui,
437 3246 485 3302 cui
501 3252 531 3302 et
545 3244 756 3305 visendis-lnior
774 3250 804 3301 et
824 3260 895 3301 usus
912 3234 1135 3298 tmotandenun
1150 3232 1259 3293 deleti-

167 3342 530 3407 ciarummemlmamn'a
542 3348 592 3404 sit.
1018 3390 1021 3395 -

248 3445 342 3522 lgitsn
362 3464 425 3507 uon
444 3446 625 3513 concedente
641 3451 740 3509 solnm
759 3446 814 3509 sed
833 3446 970 3507 hortante
989 3454 1079 3525 atque
1096 3439 1259 3524 plaudente

166 3551 284 3628 egregio
298 3551 452 3630 viroopsn
466 3568 622 3629 aggressus
639 3568 726 3611 sumt
748 3571 812 3609 rem
825 3545 1128 3631 planeutipsarnibi
1141 3543 1259 3605 indica·

164 3659 247 3708 verat
258 3651 370 3725 inveni,
386 3671 421 3709 ea
434 3653 546 3713 sciiim
560 3670 639 3733 quae
650 3651 700 3712 bis
711 3653 839 3732 pagellis
852 3653 1039 3719 continentur
1045 3647 1163 3709 inedita
1172 3664 1258 3721 ειυς

163 3748 284 3832 legique
303 3750 451 3813 redivivas
470 3756 600 3831 litteras,
620 3766 656 3815 ut
665 3758 700 3814 in
712 3754 770 3815 boc
782 3757 902 3834 negotio
919 3755 1037 3812 evenire
1051 3750 1146 3826 sols't,
1166 3747 1257 3809 modo

164 3854 228 3911 sine
238 3855 301 3915 ullo
314 3856 433 3931 labore,
456 3854 548 3915 modo
565 3859 655 3916 enixa
668 3861 823 3918 oculorum
836 3858 988 3937 animique
1002 3855 1189 3914 contentione
1204 3871 1257 3910 ae·

66 3984 92 4039 p,
109 3967 147 4021 vl
163 3957 291 4034 gerrime
305 3946 464 4016 ‘essecutus
487 3956 629 4019 evanidos
650 3959 772 4035 ductus,
798 3962 889 4019 erasis
908 3978 984 4040 quaa
999 3955 1148 4018 abluendo
1164 3954 1257 4015 deleri

161 4076 223 4118 non
240 4068 415 4138 potuerant:
450 4060 614 4137 nonnulla,
644 4073 712 4142 post
730 4062 912 4141 multiplices
934 4070 1071 4136 canaan,
1103 4055 1256 4137 desperata

161 4160 280 4242 reliqui.
321 4180 426 4222 verum
445 4158 483 4220 de
507 4160 645 4223 codicum
659 4168 870 4245 rescriptorum
886 4164 1018 4238 ratione,
1040 4159 1079 4220 de
1095 4180 1156 4243 qua
1168 4177 1256 4237 saepe

161 4270 249 4343 atque
262 4282 331 4323 cum
345 4282 414 4324 cura
429 4261 573 4325 traditum
587 4275 647 4343 est,
668 4268 756 4346 plura
773 4264 872 4326 dicere
885 4262 964 4325 nihil
976 4265 1093 4324 attinet.
