2750 4625
430 324 489 393 DE
512 322 721 393 nummus
744 319 912 393 lusruu.
1143 324 1218 398 323

206 493 259 556 70.
300 492 414 571 custos]
436 491 509 551 Seu.
522 491 576 550 lib.
590 492 625 550 in
640 510 704 572 sap.
720 510 782 551 uon
796 490 1007 553 cadiniaco.
1024 485 1079 553 14:
1099 491 1218 568 supinas

123 596 185 635 non
200 575 321 635 accedet
338 577 495 658 adfores,
526 598 603 657 quaa
614 577 711 637 ιίοαιαν
726 580 838 637 muso
853 575 974 637 obsidet.
1018 577 1123 654 Virgil.
1138 579 1217 635 Aen.

126 666 182 727 ll:
205 662 353 742 fidusque
373 663 667 725 adunaremus.
712 666 819 723 nonin
832 664 906 723 atrio
919 663 990 736 ille,
1011 657 1110 719 sedin
1125 664 1216 722 vesti-

23 756 38 773 *
123 730 205 806 bulo.
234 749 508 813 1ul.l>ollnx.18.
539 746 626 808 Ovid.
643 750 724 808 Fosi.
742 753 778 813 1:
800 746 1006 827 nsquesulene
1018 756 1112 803 cester
1121 748 1219 823 primi

117 852 214 910 prope
234 833 342 893 unna
358 835 427 891 tacti
439 834 550 892 ianitor
563 852 698 914 egressus
711 835 907 911 irrtroitstspue
918 832 1009 892 videt.
1054 827 1153 888 dicam
1166 834 1216 891 in-

121 917 177 975 fra.
219 918 304 979 locus
326 928 372 977 est
393 918 515 995 elegans
535 918 573 977 de
592 921 764 998 importuno
787 921 913 977 ianitore
926 915 1007 997 apud
1020 913 1217 977 Heliodorum

120 1000 262 1083 Aethiop.
277 1005 314 1078 8,
355 1003 407 1061 ubi
428 1005 545 1082 Bagoas
565 1001 752 1083 Euphratem
775 1000 953 1083 καταλαβοίν
974 1000 1026 1068 bel
1045 1004 1102 1081 τῆς
1124 993 1217 1083 crissie

120 1081 277 1164 ἅφύκνοσί
296 1109 328 1150 τε
346 1087 399 1153 καί
416 1086 651 1170 θορυβούμενον
670 1088 723 1153 καί
737 1090 783 1165 τίς
800 1081 891 1164 οὗτος
905 1090 1025 1171 decim
1039 1084 1217 1164 κατίακολλν,

121 1167 249 1255 Βαναίας
263 1168 321 1253 lyd
333 1172 436 1253 λέγων.
476 1176 619 1238 Drursr.
1245 1197 1254 1213 ·

206 1259 259 1322 76,
301 1255 404 1317 deon
422 1256 472 1319 hic
485 1260 630 1319 verbum:
657 1277 730 1317 uam
742 1258 786 1319 sic
800 1259 973 1337 legebatur,
994 1276 1084 1339 surgo
1100 1256 1217 1319 Culici-

121 1361 176 1399 cus
188 1344 242 1399 ait.
288 1345 426 1427 supplevi
439 1341 579 1405 addendo
595 1344 737 1425 agedacm
760 1347 901 1406 Drnrsr.
943 1364 1047 1424 surge,
1068 1344 1129 1414 eux,
1156 1343 1217 1402 Ca-

122 1426 248 1507 llaicus]
270 1428 434 1508 interposui
446 1426 480 1495 τὸ
492 1433 560 1504 uris,
580 1450 641 1513 qua
653 1432 719 1489 siue
734 1429 921 1492 claudicabat
933 1450 1047 1490 versus.
1068 1429 1163 1488 Rrrr.

205 1517 257 1578 77.
303 1512 366 1590 [ms
380 1515 524 1597 ricmiri]
550 1536 671 1577 mecum
681 1535 715 1575 se
729 1516 813 1596 legas
826 1517 967 1588 dominu,
987 1515 1124 1575 restitues
1141 1531 1214 1591 pro-

121 1598 200 1657 fecto
214 1599 353 1679 Corippo‚
368 1619 461 1681 quam
472 1604 626 1681 eleganter
638 1603 807 1681 exprimere
821 1601 958 1675 intendit,
972 1597 1102 1665 custodis
1111 1617 1216 1677 prom·

120 1685 289 1762 ptissiusam
300 1685 522 1747 solicitudinem
536 1686 696 1748 nuntiandi
709 1689 822 1747 Iustino
836 1698 867 1746 et
880 1684 1012 1769 Sophiae
1026 1684 1163 1745 Callinici
1176 1681 1216 1743 sd

120 1769 200 1829 fores
212 1773 457 1850 intempestivum
468 1772 640 1832 adveutum.
664 1770 777 1833 hinov.
793 1775 833 1837 89
845 1774 958 1855 inquitt
970 1772 1016 1847 fit
1028 1771 1118 1829 ιάοοίν
1130 1788 1215 1827 mora

120 1854 279 1915 minden
324 1856 387 1928 dai,
408 1877 467 1938 qua
488 1859 632 1937 religione
650 1859 753 1938 paullo
775 1868 845 1916 ante
864 1879 894 1917 v.
916 1859 958 1923 85
981 1856 1098 1917 dixerat
1106 1872 1130 1929 εὑ
1145 1854 1215 1913 lieet

119 1939 195 1999 daeo
206 1940 279 1999 derce
291 1943 492 2021 omnmsecit,
514 1955 544 2003 et
556 1964 586 2004 v.
601 1946 659 2009 52:
682 1963 757 2019 caps
770 1943 851 2003 dona
863 1943 922 2002 dei.
966 1943 1065 2004 Foco.

203 2028 255 2089 78.
301 2028 463 2088 Callinicus
478 2026 561 2087 idem
580 2039 667 2088 sonat
679 2030 754 2087 acsi
772 2027 853 2087 dicas
866 2027 1028 2106 pulvinum
1043 2026 1213 2096 rismum,

118 2121 209 2192 atque
220 2109 302 2186 iude,
323 2115 422 2194 iuquit
435 2121 544 2193 po'eta,
561 2115 732 2192 nuptorum
745 2116 859 2172 Iustino
869 2111 964 2192 sebe.-
987 2122 1033 2173 est
1045 2112 1128 2173 euim
1143 2110 1213 2167 Cal-

117 2196 225 2255 linicus
239 2194 371 2276 hymnus
382 2203 534 2275 victoriae,
556 2210 590 2258 ut
604 2197 685 2279 apud
699 2201 823 2259 Latinos
834 2200 863 2255 io
876 2199 997 2267 Paeon,
1011 2199 1040 2254 io
1051 2193 1213 2270 nimphe,

117 2279 230 2342 Athen.
243 2282 468 2362 nipoosopbist.
489 2284 527 2348 14
542 2288 603 2357 12,
630 2281 723 2363 idque
743 2283 917 2363 praesertim
932 2284 965 2342 iu
978 2279 1123 2342 bonoram
1134 2282 1214 2340 ller-

118 2369 205 2428 culis.
247 2370 305 2427 lul.
318 2369 465 2434 Ponuxl
482 2367 534 2432 14.
575 2367 736 2448 Euripides
749 2371 782 2427 in
794 2369 924 2428 Hercule
944 2368 1078 2442 furente,
1108 2375 1142 2424 ut
1155 2365 1212 2424 ob-

116 2465 217 2512 servat
229 2452 419 2514 doctissimus
433 2456 567 2512 Muretus
585 2474 648 2512 rar.
659 2454 729 2512 lect.
745 2457 765 2518 8
784 2455 842 2529 11,
873 2449 928 2517 cdv
942 2454 1124 2516 Καλλίνικον
1141 2446 1214 2531 persi

116 2542 202 2599 θεοῖν
225 2532 392 2615 talpone.
434 2549 464 2597 et
493 2539 605 2597 milites
630 2540 829 2598 Iustinianum
849 2539 1033 2601 Καλλίνικον
1058 2544 1211 2610 vocarunt,
1247 2599 1252 2610 ,

117 2625 243 2701 Procop.
260 2623 333 2680 belli
349 2624 431 2681 Pers.
447 2626 479 2686 2.
522 2624 716 2683 sumebantur
732 2634 802 2681 aute
825 2625 949 2703 auguria
971 2626 1004 2681 iu
1026 2623 1212 2684 successione

118 2726 281 2786 regrrorrun
295 2727 313 2766 s
325 2708 508 2768 nominibus.
549 2712 650 2770 Victor
662 2712 696 2766 in
707 2706 897 2782 Theodosio;
912 2707 982 2768 ride
994 2718 1024 2767 et
1035 2707 1213 2766 Suetonium

118 2796 198 2871 Aug.
212 2796 263 2857 96.
306 2813 368 2851 non
391 2792 497 2852 desunt
518 2796 575 2852 viri
596 2798 649 2875 qui
669 2805 776 2873 putent
795 2792 879 2853 hunc
891 2795 1069 2854 Callinicum
1083 2789 1213 2852 eundem

118 2897 184 2938 esse
204 2897 273 2937 cum
291 2878 449 2951 Coloniae,
479 2897 570 2958 quem
581 2881 712 2938 Nonium
732 2882 899 2959 principem
921 2880 1052 2959 appellat
1063 2879 1212 2938 Diaconos

119 2967 160 3027 16
175 2964 396 3022 iulustiuiauo.
437 2962 573 3025 Adamas
587 2962 812 3040 Abrenethens,
843 2966 958 3043 collega
978 2974 1008 3022 et
1030 2965 1103 3022 ciris
1125 2979 1212 3020 meus

118 3052 311 3108 suarimimus
323 3050 456 3130 olimque
472 3051 672 3129 periculorum
685 3053 843 3131 particeps,
857 3053 919 3110 iam
929 3048 1096 3110 medicinae
1110 3044 1212 3106 donor

119 3144 150 3194 et
168 3137 353 3212 praepositus
371 3140 528 3213 gymnasio
546 3138 839 3214 llouspeliensuum,
862 3137 1017 3208 censebat,
1039 3151 1109 3191 cum
1125 3130 1211 3190 nullu

119 3230 199 3277 esset
211 3229 262 3276 aut
276 3239 342 3278 rara
357 3219 439 3299 apud
453 3219 610 3282 historicos
622 3225 735 3281 mentio
751 3223 898 3296 Callinici,
919 3220 1051 3280 eundem
1062 3236 1127 3275 esse
1141 3233 1210 3274 cum

122 3304 297 3383 Calogrens'to
309 3304 390 3383 apud
402 3305 612 3366 Cassiodorius
627 3308 667 3369 10
679 3327 728 3386 ep.
744 3309 774 3380 8,
797 3318 827 3365 et
839 3318 916 3365 certe
928 3308 1004 3364 mire
1021 3303 1122 3364 omnia
1136 3319 1209 3359 con-

117 3393 252 3448 veniunt.
284 3400 315 3447 ut
328 3409 384 3467 ego
396 3393 516 3450 invenio
532 3390 614 3470 apud
628 3393 789 3452 Leontium
800 3388 1012 3475 ecbolasticum
1024 3390 1208 3466 epigramma

118 3473 156 3533 de
170 3475 304 3553 imagine
317 3475 453 3534 Callinici
469 3477 658 3536 cubioudasii:
686 3470 790 3539 stilles
805 3473 860 3557 ple
877 3477 966 3559 νικᾷς
980 3475 1105 3554 κραδίης
1118 3466 1209 3532 τόσον

117 3554 192 3624 ὅσον
210 3556 352 3639 ὀπωπήν
383 3564 438 3637 τῆς
455 3557 513 3644 yolo
534 3561 708 3639 ίπωνομίης
723 3557 793 3636 ἄξια
807 3555 906 3622 πάντα
917 3558 1028 3641 φίοενς.
1068 3557 1207 3616 meminit

117 3655 218 3705 noster
230 3647 324 3720 inira,
351 3655 381 3703 et
394 3646 449 3704 lib.
470 3646 491 3708 4
512 3666 544 3704 n.
560 3648 591 3710 5.
619 3648 760 3708 namn.
802 3645 856 3704 illo
874 3646 912 3704 de
926 3645 1059 3724 nomine]
1082 3641 1206 3703 Calisuici

115 3750 241 3810 nempe,
264 3749 324 3810 quo
338 3730 417 3789 bona
433 3733 556 3790 victoria
571 3732 796 3809 significaretur,
817 3741 851 3790 ut
863 3751 937 3792 mox
952 3733 1095 3811 sequitur.
1138 3745 1208 3786 ver-

118 3835 169 3875 sus
190 3827 292 3874 autem
311 3835 399 3874 causa
415 3817 581 3875 Calinicum
605 3814 677 3874 dicit
696 3837 750 3896 pro
766 3817 925 3876 Callinico:
953 3835 1025 3875 nam
1041 3818 1086 3874 sio
1100 3811 1205 3871 Graeci

119 3911 286 3960 constanter
298 3903 476 3978 καλλίνικος,
495 3920 557 3960 non
572 3904 734 3977 καλίνοκος.
775 3912 881 3962 notum
894 3921 935 3961 ex
949 3903 1133 3980 antiquitate,
1154 3913 1204 3952 so-

118 3986 188 4043 litos
206 3987 279 4045 boni
302 3990 411 4046 ominis
430 4006 519 4046 causa
538 3989 709 4046 citationem
727 3991 885 4047 nominum
907 3985 999 4047 ordiri
1016 3986 1053 4043 ab
1071 3985 1109 4042 iis
1128 3998 1204 4059 quac

117 4069 195 4127 bene
209 4072 358 4149 auspicata
371 4084 480 4131 esseut.
522 4074 564 4132 ita
582 4074 726 4131 nimirum
738 4072 940 4154 rmdequaqne
959 4073 1060 4130 omme
1079 4064 1203 4141 collige·

118 4154 201 4211 bant.
242 4175 330 4234 porro
345 4154 425 4216 bunc
436 4159 615 4217 Callinicum
631 4161 694 4217 iam
709 4178 814 4217 senem
827 4160 921 4218 inim
934 4167 964 4215 et
974 4155 1132 4234 patricium
1149 4166 1204 4206 seu

117 4249 233 4319 patrem
245 4241 401 4321 principis,
428 4253 542 4303 constat
563 4263 605 4302 ex
625 4242 684 4303 tine
705 4243 775 4303 libri
788 4242 820 4309 4.
861 4244 916 4302 ubi
930 4240 968 4301 de
984 4238 1041 4297 hac
1057 4234 1201 4314 dignitate

117 4344 212 4404 pauca
221 4323 342 4386 notabo.
383 4326 459 4387 illud
473 4326 524 4389 hic
536 4330 658 4410 iusuper
669 4347 777 4410 operae
790 4329 920 4409 pretium
931 4326 1021 4386 fuerit
1035 4321 1200 4383 observare.
