2750 4625
443 292 707 365 lonsnmnos
732 296 811 365 ΠΒ.
835 296 864 367 1.

189 468 308 544 preests
327 468 357 536 t,
379 467 432 519 sut
443 458 496 520 ubi
507 461 612 541 gisnes
624 483 732 525 nemus
745 459 887 531 distendit
901 460 989 542 olivo,

106 562 171 632 686
190 564 303 623 mboris
321 572 373 621 sut
386 563 463 621 ultae
476 562 617 625 frondoso
630 568 739 626 vertice
753 567 842 625 robur

192 666 282 726 effluit
295 665 417 725 oeenltis
432 664 509 726 scies
520 665 673 749 subsidere
686 669 809 748 rumpis.

182 748 344 829 'ffluffibm
358 764 407 827 his
423 778 514 826 uertet
527 771 711 829 committere
725 769 837 850 proelis
851 770 983 845 Maurus,

191 881 227 930 ut
237 871 315 930 oeier
325 872 477 928 inosutum
487 870 606 931 subiens
620 882 766 932 exterreat
778 869 896 932 hostem

193 973 425 1054 ambiguumque
435 982 567 1052 premat,
592 968 686 1034 fretus
699 992 884 1056 numeroque
898 974 1023 1054 locoque

109 1072 174 1144 640
194 1087 223 1135 et
236 1073 355 1134 domitis
371 1072 495 1134 contisus
508 1076 602 1155 equis·
643 1085 715 1135 tuno
724 1072 850 1156 belliger
862 1087 927 1136 estu

193 1177 321 1237 mittitin-
329 1177 362 1234 in
374 1176 480 1256 planos
491 1194 573 1235 rerus
586 1177 638 1257 qui
649 1177 762 1256 proelis
774 1197 894 1257 compos

195 1289 333 1358 provooet
346 1288 376 1337 et
387 1279 467 1337 risos
480 1276 597 1357 fugiens
610 1290 770 1358 exaggeret
782 1277 895 1340 hostes.

194 1381 246 1439 ilie
258 1380 319 1439 leri
331 1400 417 1439 cursu
430 1378 561 1459 praefixo
575 1377 694 1439 hostilio
706 1382 784 1442 ferro

193 1482 307 1557 vibrat,
328 1493 358 1541 et
370 1484 491 1541 incurvo
506 1502 562 1541 neo
575 1494 670 1542 cesset
682 1484 797 1544 flectere
812 1502 884 1564 gyro

110 1582 174 1652 646
195 1582 385 1664 oornipedem
401 1581 562 1643 domitum:
586 1584 640 1645 sed
655 1604 723 1644 oum
737 1587 937 1666 properaverit
950 1583 1055 1668 hostis,

196 1698 258 1746 erte
269 1688 366 1767 fugit,
387 1696 520 1765 oornptes
530 1697 564 1745 ut
576 1699 695 1769 spur-gut
708 1689 832 1747 callidus
844 1690 916 1765 oles,

196 1788 269 1849 dum
282 1792 416 1870 sequitur
428 1808 585 1848 numerose
598 1808 705 1848 monus
718 1792 883 1870 victrixque
899 1802 1020 1872 putetur

197 1913 261 1952 esse
275 1894 347 1968 sibi,
370 1902 400 1950 et
411 1901 488 1950 totos
501 1911 609 1970 sgrnen
624 1889 763 1951 diffundit
776 1895 808 1951 in
821 1913 918 1971 egros.

196 1991 244 2053 bis
258 1996 321 2073 egit
333 1994 366 2051 in
376 1993 464 2051 bellis
475 1993 590 2072 fingens
603 1997 763 2053 oet-turnino
775 1998 883 2054 Mezex

110 2095 177 2163 660
197 2094 329 2172 insidiis,
351 2093 445 2155 donec
457 2092 571 2154 medios
583 2093 726 2176 perducet
736 2100 769 2155 in
782 2096 883 2159 hostes

196 2188 306 2258 hostile
317 2198 446 2258 obsessis
458 2198 647 2256 oonoluusum
658 2200 787 2261 voilibus
797 2218 918 2280 egmen.

196 2308 268 2359 tuno
286 2298 372 2360 dolus
386 2302 438 2359 ille
450 2312 554 2381 putens
568 2321 671 2361 sueres
686 2300 812 2361 effundit
823 2299 967 2380 hebenus,

196 2401 423 2484 Absconsesque
435 2404 492 2462 siet
504 2412 565 2460 toto
582 2401 619 2462 de
631 2414 716 2484 purte
729 2414 872 2466 outerres.

199 2523 290 2586 quern
304 2517 401 2565 metus
417 2503 485 2565 uoe'r
498 2507 575 2585 egit,
596 2509 693 2586 primo
709 2507 786 2585 fugit
799 2509 851 2566 ille
865 2506 1006 2566 tumultu.

111 2606 177 2674 666
196 2604 278 2666 huno
289 2610 397 2688 premit
411 2609 506 2667 elutus
520 2626 608 2666 suevo
623 2609 677 2667 sub
693 2610 816 2667 vulnere
834 2612 965 2683 Maurus,
1109 2592 1111 2594 i

199 2728 290 2791 quem
302 2708 487 2789 impavidum
498 2712 588 2769 timor
599 2711 664 2789 ipse
677 2710 760 2768 fucit.
802 2712 850 2770 sin
863 2712 968 2771 robore
981 2709 1066 2769 firmo

199 2814 380 2872 constiterint
391 2822 463 2872 tuno
475 2812 552 2870 forte
564 2813 634 2887 riri,
655 2831 718 2871 non
730 2814 792 2872 ullu
806 2824 948 2895 sequetur

198 2913 342 2976 sudentes
353 2935 485 2996 pugnare
498 2934 623 2990 munus,
644 2912 699 2974 sed
716 2915 792 2975 oolls
807 2917 962 2978 reflectunt

197 3017 300 3076 mollis
316 3015 542 3099 quadrupedum
554 3017 642 3076 versi.
686 3018 729 3076 sio
742 3017 822 3076 belle
837 3019 1019 3100 relinquunt,

112 3116 178 3185 660
197 3120 242 3179 sio
254 3120 332 3179 eoies
343 3120 469 3200 fugitivo
486 3117 580 3194 ondit,
600 3119 644 3192 sio
657 3118 743 3178 tirmo
757 3120 876 3180 resistit.

195 3239 269 3278 nem
279 3220 399 3282 timidos
410 3223 528 3282 fortuna
541 3232 672 3301 premet,
695 3233 856 3303 cautosque
870 3223 984 3304 iurabit

199 3319 385 3406 andreaque
398 3324 503 3384 simul:
524 3324 635 3382 multos
650 3343 723 3382 nem
736 3329 825 3404 soepe
838 3326 950 3399 revisit,

200 3432 231 3482 et
243 3430 347 3504 quenti
359 3446 400 3485 ex
412 3428 486 3507 ipsis
498 3427 631 3505 palmum
643 3446 797 3507 sumpsere
810 3423 946 3506 periclis!

198 3534 233 3581 ut
246 3523 333 3585 decet
346 3547 411 3586 esse
427 3525 533 3601 duces,
559 3530 637 3588 osuti
649 3529 800 3611 fortesque
813 3539 969 3610 truoesque

112 3621 179 3692 665
197 3625 320 3705 pendite
337 3631 463 3711 quisque
479 3648 548 3688 suus
561 3629 636 3688 belii
647 3632 679 3688 in
694 3628 862 3689 discrimine
875 3633 964 3690 uires.

198 3729 238 3787 sit
251 3729 337 3790 labor
347 3732 400 3789 ille
410 3733 528 3791 animis.
570 3732 650 3791 acies
666 3735 834 3811 componite
849 3733 965 3811 tunnis,

200 3841 364 3914 ounotsque
378 3831 529 3914 dispositis
542 3830 681 3896 incedant
694 3836 780 3914 signu
792 3836 944 3915 maniplis.

113 4027 169 4084 5³5
186 4029 244 4083 ffle
257 4031 283 4084 Τ
357 4034 410 4089 537
425 4033 451 4088 id
465 4039 549 4089 certet
561 4036 598 4103 Τ,
616 4032 731 4103 iueeptst
743 4033 776 4087 Μ
852 4033 904 4089 538
921 4030 1023 4086 subitus
1035 4034 1163 4084 exterrent
1173 4029 1207 4095 Ῑι,

112 4098 230 4152 subitm
249 4107 379 4158 exterreor
397 4105 433 4173 T,
450 4104 534 4156 subito
548 4111 693 4174 perterrent
706 4105 745 4157 Μ.
780 4119 815 4155 ou
832 4104 981 4155 subeuntem
998 4100 1147 4153 exterreat?
1172 4101 1208 4151 ei.

111 4166 131 4219 4
149 4167 210 4222 604.
308 4173 358 4227 551
376 4185 433 4226 utun
445 4172 556 4225 oiuususu
571 4173 597 4224 i·
682 4171 735 4228 556
751 4170 869 4242 perideus
882 4171 938 4222 MT
1024 4169 1075 4221 560
1091 4174 1171 4220 restet
1186 4167 1212 4218 'i'

110 4235 169 4289 664
182 4242 274 4291 unios
285 4237 317 4291 di
416 4241 467 4300 566
483 4242 562 4295 tamur
573 4240 606 4296 'i'-
898 4265 905 4278 -.
