2750 4625
192 314 265 387 168
492 312 659 387 comet]
682 316 742 384 DE
767 314 974 387 LAUDIBUS

209 484 252 545 60
274 481 409 564 quisquis
422 481 479 540 erit
491 491 626 560 vestras,
647 505 703 563 pes·
713 504 746 544 se
760 481 863 562 audet,
884 481 1006 545 tavidus
1019 484 1117 563 aulae,

272 584 441 665 efficietque
453 586 532 644 viros
548 584 651 665 legum
662 589 731 667 pius
745 589 825 646 ensis
840 588 970 666 iniquos.

272 686 395 744 barbata
409 688 558 747 Romanos
571 690 723 766 augebant
739 688 819 748 bella
833 685 1009 767 trlumphos,

271 804 422 867 regnaque
437 789 493 847 sub
510 792 614 850 vesteis
627 793 748 848 sentent
763 790 922 848 fortissima
936 789 1059 868 plantis.

271 907 341 957 eece
355 897 423 946 tuae
435 910 572 969 proceres
584 893 738 972 pulsantes
750 893 856 951 liutius
869 900 972 969 portae

207 986 250 1053 66
269 991 417 1049 lustinum
432 990 636 1073 Sophiamqua
649 1002 755 1073 rogant
769 990 927 1053 succedere
940 987 1054 1073 patra*

309 1093 435 1151 Dixerat
447 1091 522 1152 haee
536 1097 636 1174 vlrgo,
657 1093 793 1176 placidus
806 1115 875 1153 cum
888 1096 1003 1155 lumina
1017 1115 1140 1157 somnus

270 1189 418 1272 desumit,
438 1200 581 1277 purisque
598 1199 702 1258 volsus
719 1218 752 1257 se
765 1200 884 1257 miscuit
898 1201 990 1260 auris.

271 1305 302 1354 st
315 1297 378 1355 ism
390 1299 492 1358 erebra
504 1319 612 1359 manus
628 1300 725 1359 veloci
740 1301 854 1358 ooueita
866 1301 958 1380 pulsu

269 1397 376 1457 limina
388 1400 549 1480 quassabat
563 1399 659 1461 ductis
670 1404 786 1460 munita
803 1402 927 1460 osteuls.

206 1502 249 1565 70
270 1497 310 1558 ad
324 1503 480 1580 strepitum
496 1513 609 1577 eustos,
630 1521 700 1560 eura
713 1512 759 1561 est
774 1504 823 1560 out
841 1503 969 1562 otaustra
983 1503 1072 1580 tueri,

270 1602 314 1660 sic
330 1603 371 1660 ait
385 1601 557 1682 indignans.
594 1595 755 1685 “quisnam
768 1608 944 1664 temerarius
956 1602 1007 1664 hto
1018 1616 1064 1665 est

273 1705 326 1783 qui
339 1702 474 1782 placidos
489 1703 579 1765 audet
593 1703 783 1766 dominorum
794 1724 931 1785 rumpere
945 1726 1078 1785 somnos,

270 1814 404 1885 tempora
420 1824 478 1887 qua
493 1804 612 1866 duleum
625 1824 691 1867 nox
708 1810 885 1887 intempesta
898 1810 1030 1890 quietem

270 1909 380 1986 ingerit
395 1918 425 1968 et
439 1911 573 1969 membro
591 1930 681 1989 supet
697 1920 742 1969 est
755 1913 941 1989 gratissimus
954 1904 1084 1972 amnt?

206 2008 248 2074 75
265 2000 313 2070 “si
323 2022 353 2070 te
366 2008 426 2069 fids
438 2022 539 2070 manet
553 2010 742 2072 domiuomm
755 2032 823 2070 oum
837 2022 967 2087 taonem,

268 2130 357 2190 surge
373 2110 524 2192 [agadmn]
533 2107 563 2187 ‚''
583 2114 732 2172 Callaicus
745 2116 797 2172 ait.
838 2133 913 2173 mox
928 2116 1029 2194 agnita
1041 2134 1103 2175 vax
1115 2126 1177 2176 est:

269 2214 429 2274 anteferes
443 2213 572 2274 dominis
586 2216 755 2274 csttnicnm
767 2220 886 2275 nuntiat
898 2236 975 2279 esss-

267 2321 435 2397 auspicium
447 2318 524 2377 felix
537 2318 591 2376 ttto
605 2298 645 2376 ds
656 2320 778 2377 nomina
790 2321 879 2399 oepit.

267 2424 447 2500 prospesitas
463 2439 499 2478 ea
515 2422 611 2499 prima
622 2420 680 2477 tuit
695 2420 874 2501 fortunaque
886 2441 986 2484 rerum

203 2523 244 2589 80
265 2533 400 2603 tempora
415 2521 532 2583 defesso
545 2541 692 2581 renovans
703 2521 803 2580 felinis
816 2521 940 2599 mundo,

266 2624 348 2706 quod
358 2629 491 2705 primum
502 2623 542 2684 ad
554 2627 648 2683 limen
662 2624 742 2682 baua
755 2634 826 2683 tuno
837 2629 960 2686 victoria
974 2627 1067 2702 venit,

264 2727 345 2786 orbis
360 2731 392 2785 ia
402 2731 570 2807 Augustam
585 2726 722 2786 dominos
734 2736 768 2784 ut
780 2725 901 2787 duceret
913 2730 1025 2790 aulam.

262 2824 322 2886 hoo
336 2848 446 2887 nomen
458 2850 522 2889 sous
534 2830 614 2888 laeta
626 2828 699 2902 tibi,
721 2828 866 2906 Callaico,
889 2830 1000 2891 dicavit

263 2933 460 3009 promeritis,
481 2932 634 3004 vastate,
656 2932 734 3004 tuis3
763 2930 918 3013 saetasque
931 2936 1067 2992 miaIster

201 3030 243 3096 85
264 3034 339 3090 tanti
355 3034 488 3107 consilli,
510 3033 581 3091 lieet
592 3030 667 3090 haee
679 3029 753 3090 deus
764 3035 864 3092 omnia
877 3036 958 3109 fecit,

263 3144 298 3193 tu
309 3154 427 3215 quoque
444 3152 513 3191 eum
527 3131 674 3207 dominis,
698 3136 840 3212 quoniam
854 3137 897 3194 sic
910 3146 1011 3194 mente
1026 3132 1107 3194 fidelt

264 3239 368 3296 alxisti
384 3239 543 3314 vivasque,
564 3238 624 3293 tuls
637 3232 775 3292 meroede
787 3235 924 3295 laborum

262 3351 416 3398 aeternam
429 3340 542 3396 famam
554 3335 736 3418 laudemque
752 3346 782 3395 et
794 3357 905 3397 nomen
918 3337 1052 3401 habebis.

261 3442 293 3499 fit
306 3444 396 3501 iussis
408 3460 492 3499 mora
503 3440 588 3497 nulla
602 3438 668 3499 del:
689 3460 763 3498 mox
778 3441 904 3498 claustra
919 3442 1071 3501 resolvens

196 3546 237 3606 90
257 3546 366 3603 ianitor
379 3544 529 3602 excelsam
542 3542 679 3601 stridenti
694 3542 813 3600 medina
827 3553 945 3622 portam

259 3649 384 3725 imperlo
399 3649 540 3704 reseravit
556 3643 633 3705 hert.
675 3647 738 3703 lam
754 3647 829 3704 visio
842 3656 956 3703 eertum

257 3749 368 3807 feoerat
381 3750 434 3807 illa
447 3751 546 3807 virum
560 3747 722 3828 duloesque
735 3767 753 3805 a
766 3757 885 3827 pectote
899 3765 1020 3805 somnos

258 3854 432 3931 expulerat,
455 3869 601 3930 auraeque
616 3851 693 3907 altae
708 3851 757 3928 pia
773 3846 862 3907 eorda
875 3847 1047 3907 movebant.

258 3965 290 4013 ut
306 3956 383 4012 latae
398 3964 522 4032 patuere
535 3953 629 4026 fores,
652 3952 733 4010 subit
745 3949 846 4028 ampla
862 3958 983 4008 senatus

196 4056 237 4122 95
259 4057 348 4128 atria,
371 4065 401 4113 et
412 4056 508 4112 aurati
523 4054 624 4112 subter
640 4052 760 4130 fastigia
776 4053 847 4109 teeti

260 4159 399 4235 corripuit
412 4158 538 4216 festinus
552 4158 624 4230 iter,
645 4164 828 4212 monstrante
841 4152 988 4211 utinistro.

299 4261 353 4319 Est
366 4258 473 4321 damus
487 4260 609 4319 interior
622 4266 768 4318 tectorum
779 4259 907 4338 inpane
922 4274 1061 4337 superas,
