2750 4625
398 324 665 401 lommmos
689 330 770 400 ms.
793 333 835 401 u.
896 378 902 391 .
1000 404 1001 411 Ν
1060 296 1064 309 '
1117 344 1168 416 47

77 491 127 559 85
194 491 324 553 Nuntius
337 500 486 554 extremas
498 495 613 577 Libyes
623 506 808 562 transreotus
821 501 854 562 in
868 523 934 567 orus

151 605 299 655 oonvoost
311 593 475 657 indomitas
491 608 625 659 extrema
638 598 678 660 nd
690 604 803 682 proelis
816 618 931 684 gentes.

150 700 294 757 eonvenit
304 700 470 759 innunseris
481 720 637 782 nunquam
651 716 807 784 superatus
820 710 953 791 Ilnsguos

150 800 291 877 milibus,
315 812 346 861 et
360 812 458 861 totum
473 804 605 864 volitone‘
615 811 785 870 conterritat
799 813 912 877 orbem.

152 901 349 992 eoruipedum
363 924 470 964 saevus
482 905 593 966 laxatis
607 910 720 968 Austur
733 908 859 974 habenis

81 1004 131 1069 90
150 1003 266 1063 viribus
278 1003 358 1065 heuto
371 1009 503 1095 sequitur
514 1008 626 1086 fideus,
648 1021 679 1070 et
690 1012 777 1073 fortis
789 1016 822 1073 in
832 1021 923 1080 armis

153 1114 187 1162 et
200 1125 324 1167 numero
337 1119 494 1189 superante
507 1109 644 1171 modum.
685 1132 757 1172 nem
770 1115 897 1198 belliger
911 1125 1030 1206 Austur,

153 1207 297 1270 sollicitus
313 1208 418 1270 dubius
433 1216 545 1293 eampis
560 1216 743 1274 oommittere
756 1236 883 1298 pugnas,

154 1309 281 1370 oollooat
296 1316 422 1374 estriotis
433 1335 535 1374 muros
548 1316 703 1398 fossasque
716 1321 847 1398 oamelis,

154 1422 245 1493 atque
258 1434 349 1495 peous
361 1419 478 1491 varium
490 1415 582 1477 densa
596 1420 726 1479 vallante
739 1441 847 1484 ooronu

86 1513 131 1580 95
151 1514 254 1594 ponirg
277 1530 310 1579 ut
323 1519 455 1580 obicibus
466 1530 634 1600 pugnantes
648 1522 782 1602 implicet
797 1524 896 1588 hostes

153 1619 367 1709 umhiguosque
379 1634 506 1703 premat.
549 1643 668 1707 currens
686 1635 757 1685 tuno
771 1647 877 1689 suenus
889 1632 1023 1714 llasgoas

153 1734 264 1782 muotat
277 1727 310 1783 in
322 1728 454 1805 angentis
466 1734 656 1807 prosternens
667 1729 786 1804 agmins
794 1734 899 1808 muris,
925 1793 929 1799 ⁴

152 1836 184 1885 et
198 1846 316 1908 omnpos
329 1847 449 1889 securus
465 1826 544 1905 edit,
565 1829 757 1911 sequiturque
769 1835 935 1917 premitque

152 1927 243 1988 caede
254 1949 347 2008 nova,
368 1934 568 2013 misermnque
580 1932 652 1990 furit
663 1940 793 1992 vastator
804 1937 837 1993 in
851 1956 970 2017 egrneu.

70 2034 132 2098 100
152 2042 198 2092 est
210 2034 287 2093 aries
298 2035 361 2094 illis
372 2033 488 2093 infundi
500 2030 638 2092 maoliiuu
651 2033 733 2109 belli,

153 2146 328 2217 oomptaqus
342 2133 492 2217 dispositis
504 2145 618 2214 pommt
631 2136 758 2196 tentoria
770 2136 874 2214 signis,

150 2234 271 2297 horride
286 2258 360 2321 gens
375 2249 405 2298 et
419 2237 492 2298 dure
507 2239 579 2297 viris
592 2235 750 2320 audaxque
762 2238 921 2321 tritunphis
981 2224 986 2235 ’

151 2340 332 2419 innumeris,
352 2342 436 2401 nullo
451 2341 538 2400 bellis
553 2360 629 2424 quae
643 2352 778 2422 tempore
792 2355 887 2405 sessu

150 2441 260 2522 impie,
282 2441 420 2504 erudelis.
459 2443 558 2502 nullas
573 2445 660 2502 timet
671 2444 724 2502 ille
738 2445 855 2504 ruinas:

73 2544 131 2611 105
150 2542 206 2604 sed
218 2546 303 2605 licuit
314 2547 449 2606 timuisse
460 2556 579 2621 tamen,
599 2542 654 2604 sed
667 2545 733 2603 iure
744 2545 856 2621 licebit,

149 2650 299 2727 paeniteat
310 2651 439 2709 saevisse
455 2647 517 2709 diu.
558 2666 631 2705 nem
643 2646 728 2705 fortis
743 2647 877 2725 Ilosgues

150 2747 304 2832 quondam
316 2751 456 2831 perlatos
467 2757 631 2832 prostratus
642 2748 765 2808 vulnere
780 2767 901 2829 oempos

149 2853 250 2912 iunota
264 2872 353 2913 saeve
366 2849 462 2928 dedit,
483 2849 602 2932 prsedis
615 2851 761 2932 bellisque
773 2852 914 2931 pepercit.

148 2956 235 3013 lerna
249 2955 335 3015 ieron
346 2952 395 3015 his
409 2954 513 3015 duotor
526 2965 588 3014 erat
599 2954 760 3035 Gur-nilque
771 2952 919 3014 sacerdos.

72 3060 129 3124 110
149 3054 221 3116 huic
235 3058 366 3118 referunt
378 3068 481 3138 gentes
493 3066 634 3139 paterest
646 3054 729 3138 quod
741 3058 874 3136 oorniger
888 3059 1027 3134 Ammon,
1135 3075 1153 3116 r

149 3160 258 3219 bucula
271 3171 353 3221 torre
365 3179 484 3241 parens.
525 3170 607 3219 tenta
618 3170 665 3220 est
678 3160 794 3219 insanie
808 3160 902 3218 oeeois

147 3263 315 3338 mentibus,
335 3259 391 3322 hs!
412 3266 536 3322 miseras
547 3262 656 3322 fallunt
668 3263 712 3319 sio
722 3261 847 3320 numina
857 3256 978 3339 gentas!

189 3365 288 3424 lfurao
301 3364 417 3424 infestis
430 3367 512 3425 venit
524 3363 673 3423 oemultus
685 3362 719 3420 in
732 3363 833 3422 armis.

146 3464 199 3527 hic
212 3463 305 3548 pedes
317 3467 442 3546 insignis
457 3468 554 3546 clipeo
565 3463 692 3547 telisque
706 3466 839 3541 resultet,

72 3568 127 3637 115
148 3580 179 3629 et
192 3589 334 3628 mucrone
346 3579 467 3649 potem,
488 3587 612 3629 saevum
625 3565 700 3627 dum
711 3565 808 3642 tendit
819 3569 852 3626 in
866 3564 996 3626 hostem.

147 3673 336 3731 lieoumiana
347 3690 454 3730 manus
469 3668 575 3731 aelidis
588 3668 741 3730 deseendit
758 3670 795 3728 ab
813 3671 882 3744 oris,

145 3794 223 3858 quae
235 3773 368 3853 Tripolis
380 3770 496 3832 deserte
510 3773 595 3848 oolit3
617 3770 806 3853 Gadabisque
817 3771 952 3849 maligna
1035 3777 1038 3782 ’

145 3878 238 3937 mittit
253 3876 289 3936 ab
303 3895 371 3935 aroe
382 3875 477 3951 viros,
501 3884 531 3934 at
544 3875 640 3935 ueris
655 3874 814 3933 moenibus
825 3870 949 3933 horrens

146 3978 278 4059 Digdiga
290 3979 397 4040 ricinis
410 3979 488 4039 aoies
501 3974 583 4038 dedit
594 3975 730 4058 improba
742 3976 825 4056 ripis.

69 4145 229 4202 wulurl'
319 4148 410 4202 idern
562 4144 587 4199 Τ
681 4140 882 4198 sustentent*
975 4135 1188 4194 sudum.

69 4213 417 4284 metuerentngutnsu
482 4218 497 4267 1
543 4213 652 4268 lensi*
717 4207 917 4265 firmemur
983 4203 1154 4284 liiiierscl'

70 4283 326 4338 transmissor
408 4284 460 4339 117
477 4282 562 4352 quest
646 4277 873 4347 ilidtropollsl'
950 4270 1151 4340 li9dielua'l.

113 4379 214 4436 Muri.
234 4385 261 4435 st
282 4377 343 4433 Cor·
863 4413 865 4416 -
927 4358 948 4419 8
