2750 4625
411 293 471 362 nn
495 293 704 364 nunninus
727 292 897 364 insum
1131 289 1208 367 40⁹
1307 265 1311 274 ’

188 457 241 527 42·
284 456 455 525 Isidorus?
480 462 539 525 122
567 461 708 533 sttos,
734 462 850 544 inquit,
881 481 917 519 ee
937 462 1056 520 nomme
1076 463 1208 521 newton-is

99 546 223 605 wenti:
244 544 284 603 de
296 546 376 606 Levi
386 547 467 605 etnim
477 547 604 606 Lenem
616 550 802 619 exorarunt,
823 569 844 606 a
861 545 972 626 quibus
989 549 1022 605 in
1036 547 1145 626 templo
1157 549 1209 607 dei

100 632 224 709 nryetiei
249 634 430 691 sacramenti
453 634 593 711 metuit
617 631 821 712 explebantur.
867 631 901 690 hi
928 633 1041 691 (lrseee
1071 634 1206 706 ᾰίαοοιιί,

101 717 213 775 Letiue
235 719 368 776 urinistn’
391 715 547 793 diotmtor,
576 721 662 799 quin,
691 721 768 777 sicut
786 721 819 777 in
839 717 991 776 euenum
1012 721 1207 792 consecratio,

101 801 148 859 its
162 802 195 859 in
209 800 335 862 drumm
348 803 504 861 minnlerii
515 803 696 882 drepeneatso
707 801 845 863 hebetur.
887 805 982 862 Rsnr.

189 883 242 950 43.
285 889 439 968 virgineus
458 899 542 947 tonat
559 890 631 948 inde
643 889 766 968 chone]
789 892 851 952 eoin
866 891 1019 971 γυναικοῖν
1033 892 1088 965 τῆς
1100 889 1208 968 κλίνης

7 1023 16 1034 ,
100 967 293 1051 ἦφουμὲνων
313 974 365 1036 καὶ
384 974 566 1052 ψαλλουσῶν
587 977 769 1033 lastinianus
792 993 928 1056 qnoque,
950 976 1034 1033 ouius
1053 971 1104 1032 hio
1116 993 1208 1033 exse-

102 1060 195 1138 quiae
214 1054 377 1131 dnotmtur,
399 1061 537 1118 meminit
552 1063 628 1119 Nor.
642 1062 695 1124 59.
738 1058 793 1119 sed
812 1080 866 1118 our
884 1059 1010 1138 hymnos
1026 1068 1056 1116 et
1069 1059 1209 1136 pealmo-

102 1142 173 1200 dias
188 1142 345 1204 funeribus
360 1143 536 1219 Christiani,
560 1155 593 1203 ut
606 1142 757 1226 hodieque
770 1146 915 1220 lecimus,
937 1142 1135 1202 eooiuebent‘l
1156 1147 1208 1203 ni-

101 1229 216 1285 mirum
235 1240 268 1287 ut
288 1232 398 1309 greties
414 1227 471 1288 deo
486 1240 623 1309 egerent,
645 1230 727 1311 qnod
742 1251 812 1289 eum
827 1232 910 1310 quie
925 1233 986 1288 rite
1001 1231 1130 1289 excessit
1144 1231 1208 1288 iem

102 1331 123 1370 a
147 1312 300 1373 laboribus
317 1316 466 1390 liberarit,
489 1313 572 1396 qnod
592 1327 677 1374 metu
689 1319 795 1375 mortis
810 1326 966 1374 exemtum
980 1334 1082 1373 seeum
1095 1313 1207 1374 hubent

102 1398 297 1457 immeroibili
313 1411 469 1460 orneturns
485 1420 604 1460 corone.
648 1400 749 1460 docuit
763 1421 822 1460 nos
834 1400 892 1460 hoo
905 1418 1040 1482 quoque,
1064 1410 1097 1459 ut
1110 1402 1206 1458 multe

104 1483 181 1557 elie,
202 1484 234 1543 S.
253 1482 456 1565 Chrysostom.
475 1484 580 1545 homil.
594 1487 614 1552 4
630 1484 670 1545 ed
683 1487 777 1545 Hebr.
819 1506 876 1545 neo
897 1484 1013 1544 dubitet
1032 1495 1152 1544 seuotus
1175 1492 1206 1543 et

104 1571 300 1648 gravissimus
314 1583 413 1629 oretor
427 1570 577 1630 offirmare
595 1571 685 1631 deum
702 1575 804 1651 ipsum
815 1568 987 1631 istiusmodi
1002 1573 1089 1652 quusi
1102 1573 1206 1628 muni-

103 1665 208 1712 ments
226 1654 427 1715 humanorum
452 1662 621 1716 animorum
640 1660 827 1716 exstruxisse
851 1654 928 1738 (hoo
943 1659 1025 1713 euim
1037 1666 1082 1714 est
1094 1653 1206 1718 instes-

104 1740 202 1819 χίσαι,
225 1760 285 1822 quo
302 1742 394 1800 verbo
408 1740 636 1821 Chrysostomus
652 1741 765 1820 utitur)
788 1740 825 1799 sd
844 1760 1016 1821 perversum
1029 1742 1115 1798 illum
1131 1759 1206 1799 oon·
1224 1776 1227 1782 ·

105 1824 297 1887 suetudinem
313 1826 478 1906 plangendi
496 1838 526 1886 et
543 1838 677 1887 mortuos
699 1827 899 1885 insolabiliter
920 1824 1045 1904 lugendi
1068 1836 1206 1884 everten-

105 1907 189 1968 dum.
230 1913 316 1992 pluro
330 1909 400 1970 vide
415 1911 496 1992 epod
510 1911 704 1971 Kirehmeun.
720 1911 758 1970 de
770 1913 837 1970 fun.
853 1914 974 1974 Romi
996 1916 1026 1974 6.
1068 1912 1163 1970 nm.
1243 1978 1248 2000 .

189 1994 242 2059 44.
285 1998 347 2055 ritu
366 1999 461 2078 nivis]
485 2017 521 2057 eo
539 2001 684 2078 pertinet,
708 1996 790 2079 quod
806 2000 907 2057 omniu
928 1998 1046 2074 copiose
1061 1997 1206 2073 ingruen-

104 2081 147 2139 tie
163 2082 242 2142 nivis
261 2082 461 2161 appellatione
484 2095 624 2142 oensennt
647 2094 793 2141 euutores.
836 2083 966 2140 Severus
984 2078 1207 2140 Enteleiohins:

104 2185 198 2245 quum
212 2167 447 2246 deneisflns'tant
458 2168 615 2226 velleribus
625 2170 722 2242 niver,
738 2178 802 2223 tam
815 2164 935 2222 crebrae
944 2164 1098 2242 pecudum
1109 2186 1205 2223 neces.

104 2251 230 2312 Bsnrn.
275 2255 318 2313 sio
331 2251 448 2316 inimi
473 2257 529 2317 122
550 2271 632 2312 more
645 2254 735 2311 nivis.
760 2253 909 2308 Homerus
925 2245 1000 2329 pois
1014 2244 1066 2323 ὥς.
1087 2250 1183 2311 Rmr.

191 2337 244 2402 45.
288 2335 327 2396 sd
337 2356 454 2396 morem
466 2349 603 2396 veterum
616 2339 738 2417 respicit
748 2337 888 2395 leorimes
902 2337 1036 2395 restibus
1050 2338 1207 2416 excipien-

105 2423 199 2498 tium,
221 2424 377 2500 mingens
394 2423 506 2479 flumen
523 2443 626 2481 earum
638 2420 801 2481 rideretur.
843 2423 983 2481 meminit
996 2441 1086 2501 supro
1101 2423 1208 2501 corip-

105 2526 180 2585 pus,
205 2517 234 2564 et
252 2517 323 2565 sunt
344 2507 487 2586 exemplu
505 2509 538 2565 in
553 2506 659 2568 Ouidio
674 2519 705 2566 et
718 2510 884 2586 Propertio.
904 2509 1028 2567 Bsnrn.
1065 2510 1209 2585 proprio-

107 2612 165 2670 que
179 2592 328 2671 insonte]
352 2592 618 2670 elegantissimum.
662 2604 696 2652 nt
713 2593 869 2653 Cornelius
886 2592 1029 2665 Severiu,
1051 2594 1115 2651 sire
1130 2594 1208 2652 elius

107 2679 175 2758 quis
189 2680 305 2737 Aetnae
317 2687 435 2736 uuutor:
456 2679 520 2756 ipse
534 2680 709 2757 snostuerst
719 2677 864 2736 Bocchus
871 2677 960 2755 pede.
1005 2680 1131 2741 Bsnrn.

192 2762 244 2826 46.
286 2762 454 2841 rendentes]
475 2774 563 2844 turpe
583 2762 745 2838 mendum,
770 2761 853 2844 qnod
875 2764 945 2822 lieet
965 2773 1067 2821 oontrs
1086 2780 1208 2822 versum

107 2866 169 2905 nou
182 2858 277 2922 esset,
300 2868 370 2906 enm
383 2867 484 2907 rerum
497 2860 600 2909 temen
612 2859 720 2908 notura
731 2851 797 2928 ipse
808 2858 972 2928 pugnarett
994 2850 1022 2907 si
1034 2850 1116 2906 enisu
1127 2845 1207 2908 nihil

108 2931 191 2991 eliud
208 2952 299 3014 quem
311 2931 498 2993 maduissent
511 2936 601 3009 oouli,
622 2936 808 3014 impossibile
820 2935 927 2993 inisset
941 2934 1016 2992 elias
1028 2953 1075 2992 ree
1088 2944 1122 2993 ut
1133 2952 1207 3012 pos-

109 3029 175 3077 sent
192 3020 300 3096 rigere.
344 3016 400 3079 sed
418 3030 504 3078 extre
520 3022 753 3080 controversiam
772 3031 818 3079 est
837 3017 1027 3079 scribendum
1041 3029 1203 3076 nsunentes.

108 3121 165 3160 neo
188 3102 464 3185 animaduerterunt
485 3117 588 3165 temen
608 3104 755 3165 mendum
773 3116 836 3164 turn
853 3124 1002 3180 crossum,
1024 3107 1077 3185 qui
1093 3112 1208 3162 sumet

109 3188 184 3245 ulios
201 3195 305 3267 poetes
324 3194 545 3252 commentariis
560 3211 707 3251 exeruere
723 3191 892 3251 voluerunt.
914 3192 1039 3249 Bsnrn.
1082 3188 1208 3276 legebu-

108 3282 157 3331 tur
178 3282 335 3353 perpererit
355 3276 517 3336 eradentes.
563 3276 618 3338 sed
637 3298 728 3337 nemo
751 3296 812 3336 non
831 3274 914 3334 ridet
928 3285 1043 3334 rectum
1059 3293 1124 3332 esse
1140 3293 1208 3332 ma-

110 3369 228 3432 nantem
253 3359 334 3441 quod
351 3359 572 3422 Kimhmuunus
592 3382 714 3444 quoqne
726 3363 897 3441 agnoseit2
920 3361 979 3433 11,
1000 3358 1053 3418 ubi
1063 3356 1146 3417 huno
1158 3358 1208 3417 lo-

109 3463 177 3502 enm
194 3445 315 3525 alleget.
357 3447 452 3505 ltine.

192 3528 244 3594 47.
287 3540 397 3589 matres
415 3532 547 3589 feminee
568 3532 673 3591 eetstis
688 3529 899 3611 provectioris,
928 3527 1031 3610 quoles
1051 3537 1210 3607 praeerunt

109 3615 171 3673 fere
187 3616 366 3694 planetibus.
410 3615 590 3676 Prudentius
603 3615 718 3697 hymno
735 3615 903 3695 exsequiali
917 3615 1008 3691 longe
1025 3614 1079 3673 illo
1095 3612 1209 3673 duleis·

110 3701 203 3758 simo:
225 3704 289 3759 iam
304 3713 419 3759 moestu
438 3703 554 3782 quiesce
572 3702 708 3781 querela,
729 3701 873 3758 lacrimae
893 3698 1066 3777 respondite
1085 3709 1206 3757 matres.

110 3787 200 3843 crinis
213 3791 305 3845 etiem
319 3787 428 3847 solutio
444 3788 543 3846 luctus
554 3785 711 3845 indicium.
756 3794 973 3845 commentetur
993 3785 1163 3842 Germanici
1176 3785 1209 3839 iu

111 3871 283 3951 Cassiopen,
313 3872 395 3930 unde
415 3883 444 3929 st
463 3871 553 3929 illum
567 3872 723 3931 dissolutis
738 3870 871 3929 crim'bns
887 3880 1015 3948 propter
1029 3870 1146 3927 Inonem
1166 3868 1210 3923 s‘re

111 3968 255 4015 meunt.
286 3958 380 4016 Cebes
393 3959 426 4015 in
440 3957 559 4016 tabida:
581 3956 603 4038 'i
616 3952 672 4032 edo
685 3957 788 4037 τρίχας
801 3958 940 4018 sitionoe
954 3954 1063 4034 ἑαυτῆς
1077 3957 1210 4019 καλεῖται

110 4034 212 4119 ὀδύνη.
254 4044 378 4102 Bsnrn.

191 4127 244 4188 49.
287 4127 325 4184 ob
339 4128 480 4186 iniurium
493 4127 583 4186 fenile
595 4125 785 4188 inferendum
808 4145 826 4184 e
850 4125 938 4185 turbe
954 4123 986 4180 in
1002 4121 1122 4199 mugnis
1138 4119 1208 4200 qui-

110 4211 224 4291 busque
236 4213 357 4290 pompis
368 4213 519 4273 femiuens
530 4233 622 4274 sexus
635 4223 803 4294 spectatum
817 4208 1021 4279 destinabatur
1038 4209 1071 4264 in
1086 4206 1207 4277 altiores

111 4294 230 4356 aedium
241 4306 352 4377 portes.
394 4300 539 4360 Murtiolis
557 4301 598 4365 10
619 4302 657 4364 6:
691 4309 720 4356 et
740 4298 836 4356 omnis
852 4290 987 4373 florebat
1007 4292 1102 4352 Lotis
1124 4288 1208 4350 endu
