<?xml version="1.0" encoding="UTF-8"?>
<!DOCTYPE html PUBLIC "-//W3C//DTD XHTML 1.0 Transitional//EN"
    "http://www.w3.org/TR/xhtml1/DTD/xhtml1-transitional.dtd">
<html xmlns="http://www.w3.org/1999/xhtml" xml:lang="en" lang="en">
 <head>
  <title>
</title>
<meta http-equiv="Content-Type" content="text/html;charset=utf-8" />
  <meta name='ocr-system' content='tesseract 3.04.00' />
  <meta name='ocr-capabilities' content='ocr_page ocr_carea ocr_par ocr_line ocrx_word'/>
</head>
<body>
  <div class='ocr_page' id='page_1' title='image "./merobaudesetcor00corigoog_0143.png"; bbox 0 0 2750 4625; ppageno 0'>
   <div class='ocr_carea' id='block_1_1' title="bbox 410 326 858 399">
    <p class='ocr_par' dir='ltr' id='par_1_1' title="bbox 410 326 858 399">
     <span class='ocr_line' id='line_1_1' title="bbox 410 326 858 399; baseline -0.004 -2"><span class='ocrx_word' id='word_1_1' title='bbox 410 328 674 399; x_wconf 75' lang='lat' dir='ltr'><strong>lonmumos</strong></span> <span class='ocrx_word' id='word_1_2' title='bbox 699 326 778 396; x_wconf 79' lang='lat' dir='ltr'><strong>LIB.</strong></span> <span class='ocrx_word' id='word_1_3' title='bbox 801 326 858 398; x_wconf 87' lang='grc' dir='ltr'><strong>ΠΙ.</strong></span> 
     </span>
    </p>
   </div>
   <div class='ocr_carea' id='block_1_2' title="bbox 101 493 1034 1806">
    <p class='ocr_par' dir='ltr' id='par_1_2' title="bbox 120 493 1000 990">
     <span class='ocr_line' id='line_1_2' title="bbox 120 493 913 583; baseline -0.009 -20"><span class='ocrx_word' id='word_1_4' title='bbox 120 503 145 570; x_wconf 75' lang='grc' dir='ltr'><strong>ὅ</strong></span> <span class='ocrx_word' id='word_1_5' title='bbox 166 503 403 583; x_wconf 66' lang='lat' dir='ltr'><strong>circumquaque</strong></span> <span class='ocrx_word' id='word_1_6' title='bbox 417 493 510 559; x_wconf 86' lang='lat' dir='ltr'><strong>duces</strong></span> <span class='ocrx_word' id='word_1_7' title='bbox 523 496 668 557; x_wconf 76' lang='lat' dir='ltr'><strong>vallantes</strong></span> <span class='ocrx_word' id='word_1_8' title='bbox 683 494 804 575; x_wconf 83' lang='lat' dir='ltr'><strong>agmine</strong></span> <span class='ocrx_word' id='word_1_9' title='bbox 820 493 913 557; x_wconf 85' lang='lat' dir='ltr'><strong>denso</strong></span> 
     </span>
     <span class='ocr_line' id='line_1_3' title="bbox 165 596 917 682; baseline -0.008 -19"><span class='ocrx_word' id='word_1_10' title='bbox 165 605 328 664; x_wconf 84' lang='lat' dir='ltr'><strong>eonsilium</strong></span> <span class='ocrx_word' id='word_1_11' title='bbox 341 602 451 682; x_wconf 85' lang='lat' dir='ltr'><strong>pariter</strong></span> <span class='ocrx_word' id='word_1_12' title='bbox 462 602 588 659; x_wconf 86' lang='lat' dir='ltr'><strong>summis</strong></span> <span class='ocrx_word' id='word_1_13' title='bbox 601 598 640 658; x_wconf 86' lang='lat' dir='ltr'><strong>de</strong></span> <span class='ocrx_word' id='word_1_14' title='bbox 654 599 743 658; x_wconf 90' lang='lat' dir='ltr'><strong>rebus</strong></span> <span class='ocrx_word' id='word_1_15' title='bbox 756 596 917 674; x_wconf 84' lang='lat' dir='ltr'><strong>habebant,</strong></span> 
     </span>
     <span class='ocr_line' id='line_1_4' title="bbox 165 698 849 765; baseline -0.006 0"><span class='ocrx_word' id='word_1_16' title='bbox 165 716 295 765; x_wconf 82' lang='lat' dir='ltr'><strong>tractato</strong></span> <span class='ocrx_word' id='word_1_17' title='bbox 308 705 391 763; x_wconf 82' lang='lat' dir='ltr'><strong>varie</strong></span> <span class='ocrx_word' id='word_1_18' title='bbox 405 711 525 761; x_wconf 88' lang='lat' dir='ltr'><strong>noctem</strong></span> <span class='ocrx_word' id='word_1_19' title='bbox 536 721 673 761; x_wconf 87' lang='lat' dir='ltr'><strong>sermone</strong></span> <span class='ocrx_word' id='word_1_20' title='bbox 685 698 849 761; x_wconf 74' lang='lat' dir='ltr'><strong>trahentes.</strong></span> 
     </span>
     <span class='ocr_line' id='line_1_5' title="bbox 167 804 877 888; baseline -0.006 -21"><span class='ocrx_word' id='word_1_21' title='bbox 167 806 281 888; x_wconf 83' lang='lat' dir='ltr'><strong>gaudia</strong></span> <span class='ocrx_word' id='word_1_22' title='bbox 294 806 419 865; x_wconf 88' lang='lat' dir='ltr'><strong>militiae</strong></span> <span class='ocrx_word' id='word_1_23' title='bbox 432 804 565 863; x_wconf 79' lang='lat' dir='ltr'><strong>referunt</strong></span> <span class='ocrx_word' id='word_1_24' title='bbox 577 806 735 885; x_wconf 73' lang='lat' dir='ltr'><strong>tristesque</strong></span> <span class='ocrx_word' id='word_1_25' title='bbox 750 804 877 879; x_wconf 85' lang='lat' dir='ltr'><strong>labores,</strong></span> 
     </span>
     <span class='ocr_line' id='line_1_6' title="bbox 169 887 1000 990; baseline -0.004 -24"><span class='ocrx_word' id='word_1_26' title='bbox 169 928 306 990; x_wconf 87' lang='lat' dir='ltr'><strong>quasque</strong></span> <span class='ocrx_word' id='word_1_27' title='bbox 321 909 445 966; x_wconf 78' lang='lat' dir='ltr'><strong>Latinus</strong></span> <span class='ocrx_word' id='word_1_28' title='bbox 459 909 521 985; x_wconf 71' lang='lat' dir='ltr'><strong>agit</strong></span> <span class='ocrx_word' id='word_1_29' title='bbox 534 887 657 965; x_wconf 70' lang='lat' dir='ltr'><strong>rhsoens</strong></span> <span class='ocrx_word' id='word_1_30' title='bbox 669 908 818 965; x_wconf 86' lang='lat' dir='ltr'><strong>exercitus</strong></span> <span class='ocrx_word' id='word_1_31' title='bbox 829 908 943 980; x_wconf 81' lang='lat' dir='ltr'><strong>orbem,</strong></span> <span class='ocrx_word' id='word_1_32' title='bbox 995 982 1000 989; x_wconf 89' lang='lat'>.</span> 
     </span>
    </p>

    <p class='ocr_par' dir='ltr' id='par_1_3' title="bbox 101 1007 1034 1191">
     <span class='ocr_line' id='line_1_7' title="bbox 101 1007 956 1089; baseline -0.002 -19"><span class='ocrx_word' id='word_1_33' title='bbox 101 1017 147 1080; x_wconf 83' lang='lat'><strong>10</strong></span> <span class='ocrx_word' id='word_1_34' title='bbox 168 1031 252 1070; x_wconf 86' lang='lat' dir='ltr'><strong>nunc</strong></span> <span class='ocrx_word' id='word_1_35' title='bbox 265 1010 343 1069; x_wconf 87' lang='lat' dir='ltr'><strong>bene</strong></span> <span class='ocrx_word' id='word_1_36' title='bbox 356 1012 527 1069; x_wconf 83' lang='lat' dir='ltr'><strong>commissas</strong></span> <span class='ocrx_word' id='word_1_37' title='bbox 537 1008 699 1067; x_wconf 85' lang='lat' dir='ltr'><strong>referentes</strong></span> <span class='ocrx_word' id='word_1_38' title='bbox 713 1007 817 1068; x_wconf 84' lang='lat' dir='ltr'><strong>ordine</strong></span> <span class='ocrx_word' id='word_1_39' title='bbox 829 1029 956 1089; x_wconf 83' lang='lat' dir='ltr'><strong>pugnas,</strong></span> 
     </span>
     <span class='ocr_line' id='line_1_8' title="bbox 168 1090 1034 1191; baseline -0.006 -18"><span class='ocrx_word' id='word_1_40' title='bbox 168 1133 252 1173; x_wconf 76' lang='lat' dir='ltr'><strong>namo</strong></span> <span class='ocrx_word' id='word_1_41' title='bbox 264 1113 343 1170; x_wconf 82' lang='lat' dir='ltr'><strong>male</strong></span> <span class='ocrx_word' id='word_1_42' title='bbox 359 1120 442 1191; x_wconf 85' lang='lat' dir='ltr'><strong>geste</strong></span> <span class='ocrx_word' id='word_1_43' title='bbox 454 1130 533 1171; x_wconf 77' lang='lat' dir='ltr'><strong>novo</strong></span> <span class='ocrx_word' id='word_1_44' title='bbox 547 1119 748 1169; x_wconf 72' lang='lat' dir='ltr'><strong>memorantes</strong></span> <span class='ocrx_word' id='word_1_45' title='bbox 762 1110 842 1169; x_wconf 88' lang='lat' dir='ltr'><strong>bella</strong></span> <span class='ocrx_word' id='word_1_46' title='bbox 858 1109 971 1170; x_wconf 83' lang='lat' dir='ltr'><strong>dolore.</strong></span> <span class='ocrx_word' id='word_1_47' title='bbox 1031 1090 1034 1100; x_wconf 22' lang='grc' dir='ltr'><strong>Δ</strong></span> 
     </span>
    </p>

    <p class='ocr_par' dir='ltr' id='par_1_4' title="bbox 135 1210 929 1399">
     <span class='ocr_line' id='line_1_9' title="bbox 135 1210 929 1288; baseline -0.005 -13"><span class='ocrx_word' id='word_1_48' title='bbox 135 1251 152 1263; x_wconf 88' lang='lat'><strong>·</strong></span> <span class='ocrx_word' id='word_1_49' title='bbox 171 1214 246 1275; x_wconf 73' lang='lat' dir='ltr'><strong>daim</strong></span> <span class='ocrx_word' id='word_1_50' title='bbox 259 1212 375 1273; x_wconf 83' lang='lat' dir='ltr'><strong>diversa</strong></span> <span class='ocrx_word' id='word_1_51' title='bbox 391 1224 514 1288; x_wconf 84' lang='lat' dir='ltr'><strong>canunt,</strong></span> <span class='ocrx_word' id='word_1_52' title='bbox 536 1210 640 1272; x_wconf 88' lang='lat' dir='ltr'><strong>ductor</strong></span> <span class='ocrx_word' id='word_1_53' title='bbox 655 1214 698 1271; x_wconf 87' lang='lat' dir='ltr'><strong>sio</strong></span> <span class='ocrx_word' id='word_1_54' title='bbox 711 1211 787 1271; x_wconf 77' lang='lat' dir='ltr'><strong>forte</strong></span> <span class='ocrx_word' id='word_1_55' title='bbox 801 1213 929 1272; x_wconf 82' lang='lat' dir='ltr'><strong>locutus.</strong></span> 
     </span>
     <span class='ocr_line' id='line_1_10' title="bbox 166 1309 911 1399; baseline -0.004 -24"><span class='ocrx_word' id='word_1_56' title='bbox 166 1309 286 1399; x_wconf 72' lang='lat' dir='ltr'><strong>“qnffls</strong></span> <span class='ocrx_word' id='word_1_57' title='bbox 299 1318 332 1373; x_wconf 89' lang='lat' dir='ltr'><strong>in</strong></span> <span class='ocrx_word' id='word_1_58' title='bbox 345 1313 476 1374; x_wconf 79' lang='lat' dir='ltr'><strong>adventu</strong></span> <span class='ocrx_word' id='word_1_59' title='bbox 487 1314 587 1375; x_wconf 80' lang='lat' dir='ltr'><strong>fuerat</strong></span> <span class='ocrx_word' id='word_1_60' title='bbox 599 1326 670 1374; x_wconf 84' lang='lat' dir='ltr'><strong>tuno</strong></span> <span class='ocrx_word' id='word_1_61' title='bbox 685 1315 786 1374; x_wconf 84' lang='lat' dir='ltr'><strong>Africa</strong></span> <span class='ocrx_word' id='word_1_62' title='bbox 798 1324 911 1391; x_wconf 87' lang='lat' dir='ltr'><strong>nostro,</strong></span> 
     </span>
    </p>

    <p class='ocr_par' dir='ltr' id='par_1_5' title="bbox 172 1419 846 1495">
     <span class='ocr_line' id='line_1_11' title="bbox 172 1419 846 1495; baseline -0.007 -16"><span class='ocrx_word' id='word_1_63' title='bbox 172 1441 191 1479; x_wconf 95' lang='lat' dir='ltr'><strong>o</strong></span> <span class='ocrx_word' id='word_1_64' title='bbox 205 1421 294 1493; x_wconf 88' lang='lat' dir='ltr'><strong>socii,</strong></span> <span class='ocrx_word' id='word_1_65' title='bbox 316 1419 413 1477; x_wconf 80' lang='lat' dir='ltr'><strong>saevis</strong></span> <span class='ocrx_word' id='word_1_66' title='bbox 426 1428 504 1477; x_wconf 89' lang='lat' dir='ltr'><strong>esset</strong></span> <span class='ocrx_word' id='word_1_67' title='bbox 517 1437 586 1477; x_wconf 87' lang='lat' dir='ltr'><strong>oum</strong></span> <span class='ocrx_word' id='word_1_68' title='bbox 598 1420 733 1477; x_wconf 68' lang='lat' dir='ltr'><strong>mamma</strong></span> <span class='ocrx_word' id='word_1_69' title='bbox 746 1419 846 1495; x_wconf 86' lang='lat' dir='ltr'><strong>regnis</strong></span> 
     </span>
    </p>

    <p class='ocr_par' dir='ltr' id='par_1_6' title="bbox 107 1516 1022 1806">
     <span class='ocr_line' id='line_1_12' title="bbox 107 1516 898 1602; baseline -0.006 -20"><span class='ocrx_word' id='word_1_70' title='bbox 107 1524 150 1590; x_wconf 81' lang='lat'><strong>15</strong></span> <span class='ocrx_word' id='word_1_71' title='bbox 171 1524 247 1582; x_wconf 88' lang='lat' dir='ltr'><strong>ultio</strong></span> <span class='ocrx_word' id='word_1_72' title='bbox 261 1523 352 1580; x_wconf 84' lang='lat' dir='ltr'><strong>missa</strong></span> <span class='ocrx_word' id='word_1_73' title='bbox 366 1516 431 1595; x_wconf 87' lang='lat' dir='ltr'><strong>dei,</strong></span> <span class='ocrx_word' id='word_1_74' title='bbox 452 1522 568 1580; x_wconf 78' lang='lat' dir='ltr'><strong>tristem</strong></span> <span class='ocrx_word' id='word_1_75' title='bbox 581 1541 657 1602; x_wconf 88' lang='lat' dir='ltr'><strong>quae</strong></span> <span class='ocrx_word' id='word_1_76' title='bbox 669 1523 726 1580; x_wconf 88' lang='lat' dir='ltr'><strong>rite</strong></span> <span class='ocrx_word' id='word_1_77' title='bbox 736 1530 898 1598; x_wconf 81' lang='lat' dir='ltr'><strong>tyrannum</strong></span> 
     </span>
     <span class='ocr_line' id='line_1_13' title="bbox 172 1620 1022 1704; baseline -0.005 -19"><span class='ocrx_word' id='word_1_78' title='bbox 172 1623 427 1704; x_wconf 82' lang='lat' dir='ltr'><strong>Vandalicumque</strong></span> <span class='ocrx_word' id='word_1_79' title='bbox 444 1638 539 1702; x_wconf 80' lang='lat' dir='ltr'><strong>genus</strong></span> <span class='ocrx_word' id='word_1_80' title='bbox 556 1633 681 1683; x_wconf 88' lang='lat' dir='ltr'><strong>centeno</strong></span> <span class='ocrx_word' id='word_1_81' title='bbox 697 1620 834 1702; x_wconf 82' lang='lat' dir='ltr'><strong>perderet</strong></span> <span class='ocrx_word' id='word_1_82' title='bbox 848 1641 938 1696; x_wconf 86' lang='lat' dir='ltr'><strong>enno,</strong></span> <span class='ocrx_word' id='word_1_83' title='bbox 1016 1672 1022 1681; x_wconf 92' lang='lat'><strong>.</strong></span> 
     </span>
     <span class='ocr_line' id='line_1_14' title="bbox 175 1723 895 1806; baseline -0.003 -20"><span class='ocrx_word' id='word_1_84' title='bbox 175 1728 319 1786; x_wconf 77' lang='lat' dir='ltr'><strong>Geilamir</strong></span> <span class='ocrx_word' id='word_1_85' title='bbox 328 1723 468 1785; x_wconf 82' lang='lat' dir='ltr'><strong>infandus</strong></span> <span class='ocrx_word' id='word_1_86' title='bbox 482 1725 619 1806; x_wconf 87' lang='lat' dir='ltr'><strong>quamvis</strong></span> <span class='ocrx_word' id='word_1_87' title='bbox 632 1735 794 1784; x_wconf 79' lang='lat' dir='ltr'><strong>vexaverat</strong></span> <span class='ocrx_word' id='word_1_88' title='bbox 807 1725 895 1784; x_wconf 83' lang='lat' dir='ltr'><strong>Afros</strong></span> 
     </span>
    </p>
   </div>
   <div class='ocr_carea' id='block_1_3' title="bbox 102 1824 1029 2318">
    <p class='ocr_par' dir='ltr' id='par_1_7' title="bbox 172 1824 1029 2010">
     <span class='ocr_line' id='line_1_15' title="bbox 172 1824 1029 1911; baseline -0.005 -23"><span class='ocrx_word' id='word_1_89' title='bbox 172 1827 399 1911; x_wconf 85' lang='lat' dir='ltr'><strong>perdideratque</strong></span> <span class='ocrx_word' id='word_1_90' title='bbox 412 1847 539 1903; x_wconf 88' lang='lat' dir='ltr'><strong>nocens,</strong></span> <span class='ocrx_word' id='word_1_91' title='bbox 559 1846 687 1907; x_wconf 75' lang='lat' dir='ltr'><strong>magnas</strong></span> <span class='ocrx_word' id='word_1_92' title='bbox 702 1847 761 1909; x_wconf 92' lang='lat' dir='ltr'><strong>quo</strong></span> <span class='ocrx_word' id='word_1_93' title='bbox 777 1837 910 1906; x_wconf 86' lang='lat' dir='ltr'><strong>tempore</strong></span> <span class='ocrx_word' id='word_1_94' title='bbox 926 1824 1029 1886; x_wconf 88' lang='lat' dir='ltr'><strong>ductor</strong></span> 
     </span>
     <span class='ocr_line' id='line_1_16' title="bbox 172 1930 848 2010; baseline -0.006 -17"><span class='ocrx_word' id='word_1_95' title='bbox 172 1934 228 1993; x_wconf 89' lang='lat' dir='ltr'><strong>sub</strong></span> <span class='ocrx_word' id='word_1_96' title='bbox 244 1935 314 2010; x_wconf 79' lang='lat' dir='ltr'><strong>iuge</strong></span> <span class='ocrx_word' id='word_1_97' title='bbox 327 1930 466 1991; x_wconf 86' lang='lat' dir='ltr'><strong>Sidonias</strong></span> <span class='ocrx_word' id='word_1_98' title='bbox 480 1933 563 1990; x_wconf 88' lang='lat' dir='ltr'><strong>misit</strong></span> <span class='ocrx_word' id='word_1_99' title='bbox 577 1932 739 1990; x_wconf 85' lang='lat' dir='ltr'><strong>Belisarius</strong></span> <span class='ocrx_word' id='word_1_100' title='bbox 756 1950 848 2006; x_wconf 83' lang='lat' dir='ltr'><strong>eroes,</strong></span> 
     </span>
    </p>

    <p class='ocr_par' dir='ltr' id='par_1_8' title="bbox 102 2028 1003 2318">
     <span class='ocr_line' id='line_1_17' title="bbox 102 2028 964 2118; baseline -0.005 -24"><span class='ocrx_word' id='word_1_101' title='bbox 102 2040 153 2107; x_wconf 74' lang='lat'><strong>20</strong></span> <span class='ocrx_word' id='word_1_102' title='bbox 171 2033 351 2118; x_wconf 83' lang='lat' dir='ltr'><strong>principibus</strong></span> <span class='ocrx_word' id='word_1_103' title='bbox 364 2044 485 2112; x_wconf 87' lang='lat' dir='ltr'><strong>captum</strong></span> <span class='ocrx_word' id='word_1_104' title='bbox 496 2043 687 2113; x_wconf 85' lang='lat' dir='ltr'><strong>praesentans</strong></span> <span class='ocrx_word' id='word_1_105' title='bbox 700 2032 772 2092; x_wconf 89' lang='lat' dir='ltr'><strong>urbe</strong></span> <span class='ocrx_word' id='word_1_106' title='bbox 787 2028 964 2111; x_wconf 83' lang='lat' dir='ltr'><strong>tyrannum!</strong></span> 
     </span>
     <span class='ocr_line' id='line_1_18' title="bbox 172 2135 887 2219; baseline -0.007 -23"><span class='ocrx_word' id='word_1_107' title='bbox 172 2156 264 2219; x_wconf 88' lang='lat' dir='ltr'><strong>quam</strong></span> <span class='ocrx_word' id='word_1_108' title='bbox 276 2135 367 2194; x_wconf 87' lang='lat' dir='ltr'><strong>celeri</strong></span> <span class='ocrx_word' id='word_1_109' title='bbox 382 2154 470 2195; x_wconf 78' lang='lat' dir='ltr'><strong>cursu</strong></span> <span class='ocrx_word' id='word_1_110' title='bbox 482 2137 608 2195; x_wconf 87' lang='lat' dir='ltr'><strong>summis</strong></span> <span class='ocrx_word' id='word_1_111' title='bbox 620 2145 663 2194; x_wconf 94' lang='lat' dir='ltr'><strong>tot</strong></span> <span class='ocrx_word' id='word_1_112' title='bbox 674 2135 755 2193; x_wconf 86' lang='lat' dir='ltr'><strong>bella</strong></span> <span class='ocrx_word' id='word_1_113' title='bbox 768 2145 887 2215; x_wconf 84' lang='lat' dir='ltr'><strong>peracta</strong></span> 
     </span>
     <span class='ocr_line' id='line_1_19' title="bbox 171 2231 1003 2318; baseline -0.006 -20"><span class='ocrx_word' id='word_1_114' title='bbox 171 2239 299 2314; x_wconf 79' lang='lat' dir='ltr'><strong>viribus,</strong></span> <span class='ocrx_word' id='word_1_115' title='bbox 321 2247 372 2301; x_wconf 85' lang='lat' dir='ltr'><strong>aut</strong></span> <span class='ocrx_word' id='word_1_116' title='bbox 385 2256 461 2318; x_wconf 84' lang='lat' dir='ltr'><strong>quae</strong></span> <span class='ocrx_word' id='word_1_117' title='bbox 476 2237 568 2318; x_wconf 82' lang='lat' dir='ltr'><strong>digna</strong></span> <span class='ocrx_word' id='word_1_118' title='bbox 581 2240 680 2297; x_wconf 75' lang='lat' dir='ltr'><strong>virum</strong></span> <span class='ocrx_word' id='word_1_119' title='bbox 693 2238 812 2295; x_wconf 81' lang='lat' dir='ltr'><strong>fortune</strong></span> <span class='ocrx_word' id='word_1_120' title='bbox 825 2244 926 2296; x_wconf 85' lang='lat' dir='ltr'><strong>secata</strong></span> <span class='ocrx_word' id='word_1_121' title='bbox 941 2231 1003 2293; x_wconf 86' lang='lat' dir='ltr'><strong>est!</strong></span> 
     </span>
    </p>
   </div>
   <div class='ocr_carea' id='block_1_4' title="bbox 106 2338 1091 4056">
    <p class='ocr_par' dir='ltr' id='par_1_9' title="bbox 106 2338 1091 4056">
     <span class='ocr_line' id='line_1_20' title="bbox 171 2338 851 2402; baseline 0 -2"><span class='ocrx_word' id='word_1_122' title='bbox 171 2342 235 2400; x_wconf 86' lang='lat' dir='ltr'><strong>ibat</strong></span> <span class='ocrx_word' id='word_1_123' title='bbox 246 2343 279 2400; x_wconf 88' lang='lat' dir='ltr'><strong>in</strong></span> <span class='ocrx_word' id='word_1_124' title='bbox 293 2338 436 2400; x_wconf 74' lang='lat' dir='ltr'><strong>adductae</strong></span> <span class='ocrx_word' id='word_1_125' title='bbox 452 2339 553 2402; x_wconf 87' lang='lat' dir='ltr'><strong>densis</strong></span> <span class='ocrx_word' id='word_1_126' title='bbox 567 2344 715 2401; x_wconf 84' lang='lat' dir='ltr'><strong>exercitus</strong></span> <span class='ocrx_word' id='word_1_127' title='bbox 730 2340 851 2400; x_wconf 89' lang='lat' dir='ltr'><strong>umbras</strong></span> 
     </span>
     <span class='ocr_line' id='line_1_21' title="bbox 175 2440 860 2523; baseline -0.003 -22"><span class='ocrx_word' id='word_1_128' title='bbox 175 2441 343 2517; x_wconf 70' lang='lat' dir='ltr'><strong>arboribus,</strong></span> <span class='ocrx_word' id='word_1_129' title='bbox 364 2441 462 2523; x_wconf 86' lang='lat' dir='ltr'><strong>rapidi</strong></span> <span class='ocrx_word' id='word_1_130' title='bbox 473 2464 530 2503; x_wconf 90' lang='lat' dir='ltr'><strong>neo</strong></span> <span class='ocrx_word' id='word_1_131' title='bbox 544 2445 615 2503; x_wconf 89' lang='lat' dir='ltr'><strong>solis</strong></span> <span class='ocrx_word' id='word_1_132' title='bbox 630 2441 758 2503; x_wconf 85' lang='lat' dir='ltr'><strong>torridus</strong></span> <span class='ocrx_word' id='word_1_133' title='bbox 772 2440 860 2501; x_wconf 93' lang='lat' dir='ltr'><strong>ardor</strong></span> 
     </span>
     <span class='ocr_line' id='line_1_22' title="bbox 107 2544 808 2625; baseline -0.006 -21"><span class='ocrx_word' id='word_1_134' title='bbox 107 2544 152 2615; x_wconf 73' lang='lat'><strong>25</strong></span> <span class='ocrx_word' id='word_1_135' title='bbox 171 2548 296 2605; x_wconf 87' lang='lat' dir='ltr'><strong>militiae</strong></span> <span class='ocrx_word' id='word_1_136' title='bbox 307 2546 408 2603; x_wconf 85' lang='lat' dir='ltr'><strong>nocuit</strong></span> <span class='ocrx_word' id='word_1_137' title='bbox 421 2544 540 2605; x_wconf 81' lang='lat' dir='ltr'><strong>ferrens</strong></span> <span class='ocrx_word' id='word_1_138' title='bbox 554 2556 665 2605; x_wconf 82' lang='lat' dir='ltr'><strong>aestate</strong></span> <span class='ocrx_word' id='word_1_139' title='bbox 677 2554 808 2625; x_wconf 70' lang='lat' dir='ltr'><strong>persiste,</strong></span> 
     </span>
     <span class='ocr_line' id='line_1_23' title="bbox 172 2641 1031 2730; baseline 0.002 -27"><span class='ocrx_word' id='word_1_140' title='bbox 172 2665 345 2730; x_wconf 76' lang='lat' dir='ltr'><strong>quenquam</strong></span> <span class='ocrx_word' id='word_1_141' title='bbox 357 2655 517 2706; x_wconf 85' lang='lat' dir='ltr'><strong>autumnus</strong></span> <span class='ocrx_word' id='word_1_142' title='bbox 530 2659 608 2722; x_wconf 87' lang='lat' dir='ltr'><strong>erat,</strong></span> <span class='ocrx_word' id='word_1_143' title='bbox 628 2644 745 2705; x_wconf 85' lang='lat' dir='ltr'><strong>Phoebi</strong></span> <span class='ocrx_word' id='word_1_144' title='bbox 758 2641 913 2706; x_wconf 85' lang='lat' dir='ltr'><strong>candentis</strong></span> <span class='ocrx_word' id='word_1_145' title='bbox 928 2653 959 2703; x_wconf 82' lang='lat' dir='ltr'><strong>et</strong></span> <span class='ocrx_word' id='word_1_146' title='bbox 973 2663 1031 2705; x_wconf 83' lang='lat' dir='ltr'><strong>axa</strong></span> 
     </span>
     <span class='ocr_line' id='line_1_24' title="bbox 172 2747 883 2826; baseline -0.003 -18"><span class='ocrx_word' id='word_1_147' title='bbox 172 2751 267 2808; x_wconf 86' lang='lat' dir='ltr'><strong>tristia</strong></span> <span class='ocrx_word' id='word_1_148' title='bbox 280 2747 359 2805; x_wconf 88' lang='lat' dir='ltr'><strong>bella</strong></span> <span class='ocrx_word' id='word_1_149' title='bbox 370 2750 467 2826; x_wconf 84' lang='lat' dir='ltr'><strong>magis</strong></span> <span class='ocrx_word' id='word_1_150' title='bbox 481 2748 578 2809; x_wconf 85' lang='lat' dir='ltr'><strong>calida</strong></span> <span class='ocrx_word' id='word_1_151' title='bbox 589 2748 770 2808; x_wconf 79' lang='lat' dir='ltr'><strong>inferrentur</strong></span> <span class='ocrx_word' id='word_1_152' title='bbox 781 2767 883 2808; x_wconf 85' lang='lat' dir='ltr'><strong>arena.</strong></span> 
     </span>
     <span class='ocr_line' id='line_1_25' title="bbox 171 2851 924 2932; baseline -0.003 -20"><span class='ocrx_word' id='word_1_153' title='bbox 171 2872 227 2912; x_wconf 87' lang='lat' dir='ltr'><strong>uec</strong></span> <span class='ocrx_word' id='word_1_154' title='bbox 239 2853 340 2910; x_wconf 89' lang='lat' dir='ltr'><strong>minus</strong></span> <span class='ocrx_word' id='word_1_155' title='bbox 354 2860 384 2909; x_wconf 85' lang='lat' dir='ltr'><strong>et</strong></span> <span class='ocrx_word' id='word_1_156' title='bbox 396 2862 499 2931; x_wconf 83' lang='lat' dir='ltr'><strong>capto,</strong></span> <span class='ocrx_word' id='word_1_157' title='bbox 521 2851 600 2910; x_wconf 81' lang='lat' dir='ltr'><strong>facta</strong></span> <span class='ocrx_word' id='word_1_158' title='bbox 613 2853 776 2932; x_wconf 78' lang='lat' dir='ltr'><strong>impare,</strong></span> <span class='ocrx_word' id='word_1_159' title='bbox 797 2862 924 2932; x_wconf 78' lang='lat' dir='ltr'><strong>tyranno</strong></span> 
     </span>
     <span class='ocr_line' id='line_1_26' title="bbox 171 2951 954 3036; baseline 0.001 -24"><span class='ocrx_word' id='word_1_160' title='bbox 171 2952 251 3012; x_wconf 83' lang='lat' dir='ltr'><strong>laets</strong></span> <span class='ocrx_word' id='word_1_161' title='bbox 262 2951 331 3012; x_wconf 81' lang='lat' dir='ltr'><strong>fuit.</strong></span> <span class='ocrx_word' id='word_1_162' title='bbox 372 2953 494 3033; x_wconf 85' lang='lat' dir='ltr'><strong>plenam</strong></span> <span class='ocrx_word' id='word_1_163' title='bbox 503 2953 631 3034; x_wconf 79' lang='lat' dir='ltr'><strong>Libyam</strong></span> <span class='ocrx_word' id='word_1_164' title='bbox 644 2954 813 3036; x_wconf 86' lang='lat' dir='ltr'><strong>cultamque</strong></span> <span class='ocrx_word' id='word_1_165' title='bbox 827 2953 954 3036; x_wconf 78' lang='lat' dir='ltr'><strong>reliqui3</strong></span> 
     </span>
     <span class='ocr_line' id='line_1_27' title="bbox 111 3053 901 3136; baseline 0.004 -21"><span class='ocrx_word' id='word_1_166' title='bbox 111 3060 152 3124; x_wconf 75' lang='grc'><strong>80</strong></span> <span class='ocrx_word' id='word_1_167' title='bbox 171 3056 263 3136; x_wconf 88' lang='lat' dir='ltr'><strong>inque</strong></span> <span class='ocrx_word' id='word_1_168' title='bbox 276 3064 356 3116; x_wconf 85' lang='lat' dir='ltr'><strong>statu</strong></span> <span class='ocrx_word' id='word_1_169' title='bbox 366 3058 486 3135; x_wconf 87' lang='lat' dir='ltr'><strong>proprio</strong></span> <span class='ocrx_word' id='word_1_170' title='bbox 500 3076 551 3115; x_wconf 90' lang='lat' dir='ltr'><strong>me</strong></span> <span class='ocrx_word' id='word_1_171' title='bbox 564 3053 735 3117; x_wconf 85' lang='lat' dir='ltr'><strong>discedente</strong></span> <span class='ocrx_word' id='word_1_172' title='bbox 748 3058 901 3133; x_wconf 78' lang='lat' dir='ltr'><strong>remansit,</strong></span> 
     </span>
     <span class='ocr_line' id='line_1_28' title="bbox 173 3155 1091 3240; baseline 0.001 -24"><span class='ocrx_word' id='word_1_173' title='bbox 173 3166 204 3216; x_wconf 90' lang='lat' dir='ltr'><strong>et</strong></span> <span class='ocrx_word' id='word_1_174' title='bbox 217 3155 339 3216; x_wconf 83' lang='lat' dir='ltr'><strong>melior:</strong></span> <span class='ocrx_word' id='word_1_175' title='bbox 361 3177 429 3217; x_wconf 83' lang='lat' dir='ltr'><strong>sum</strong></span> <span class='ocrx_word' id='word_1_176' title='bbox 440 3176 710 3240; x_wconf 86' lang='lat' dir='ltr'><strong>namquomemor.</strong></span> <span class='ocrx_word' id='word_1_177' title='bbox 751 3157 899 3236; x_wconf 84' lang='lat' dir='ltr'><strong>fecunda,</strong></span> <span class='ocrx_word' id='word_1_178' title='bbox 922 3155 1091 3219; x_wconf 87' lang='lat' dir='ltr'><strong>redundans</strong></span> 
     </span>
     <span class='ocr_line' id='line_1_29' title="bbox 169 3258 903 3339; baseline 0.003 -21"><span class='ocrx_word' id='word_1_179' title='bbox 169 3260 324 3339; x_wconf 80' lang='lat' dir='ltr'><strong>frugibus,</strong></span> <span class='ocrx_word' id='word_1_180' title='bbox 346 3259 504 3320; x_wconf 81' lang='lat' dir='ltr'><strong>etfmctus</strong></span> <span class='ocrx_word' id='word_1_181' title='bbox 516 3260 621 3319; x_wconf 86' lang='lat' dir='ltr'><strong>lumen</strong></span> <span class='ocrx_word' id='word_1_182' title='bbox 636 3258 790 3322; x_wconf 82' lang='lat' dir='ltr'><strong>fundentis</strong></span> <span class='ocrx_word' id='word_1_183' title='bbox 805 3262 903 3321; x_wconf 86' lang='lat' dir='ltr'><strong>olirae</strong></span> 
     </span>
     <span class='ocr_line' id='line_1_30' title="bbox 171 3360 816 3442; baseline 0.003 -22"><span class='ocrx_word' id='word_1_184' title='bbox 171 3371 203 3420; x_wconf 86' lang='lat' dir='ltr'><strong>et</strong></span> <span class='ocrx_word' id='word_1_185' title='bbox 214 3362 319 3420; x_wconf 89' lang='lat' dir='ltr'><strong>latices</strong></span> <span class='ocrx_word' id='word_1_186' title='bbox 330 3362 402 3421; x_wconf 82' lang='lat' dir='ltr'><strong>laeti</strong></span> <span class='ocrx_word' id='word_1_187' title='bbox 413 3373 536 3442; x_wconf 69' lang='lat' dir='ltr'><strong>tangens</strong></span> <span class='ocrx_word' id='word_1_188' title='bbox 548 3362 695 3422; x_wconf 80' lang='lat' dir='ltr'><strong>referebat</strong></span> <span class='ocrx_word' id='word_1_189' title='bbox 706 3360 816 3422; x_wconf 80' lang='lat' dir='ltr'><strong>iacchi.</strong></span> 
     </span>
     <span class='ocr_line' id='line_1_31' title="bbox 169 3463 923 3544; baseline -0.001 -22"><span class='ocrx_word' id='word_1_190' title='bbox 169 3481 232 3544; x_wconf 84' lang='lat' dir='ltr'><strong>pax</strong></span> <span class='ocrx_word' id='word_1_191' title='bbox 245 3474 309 3522; x_wconf 87' lang='lat' dir='ltr'><strong>erat</strong></span> <span class='ocrx_word' id='word_1_192' title='bbox 323 3464 384 3522; x_wconf 86' lang='lat' dir='ltr'><strong>alta</strong></span> <span class='ocrx_word' id='word_1_193' title='bbox 397 3466 481 3524; x_wconf 89' lang='lat' dir='ltr'><strong>locis.</strong></span> <span class='ocrx_word' id='word_1_194' title='bbox 524 3482 601 3544; x_wconf 87' lang='lat' dir='ltr'><strong>quae</strong></span> <span class='ocrx_word' id='word_1_195' title='bbox 614 3474 697 3524; x_wconf 87' lang='lat' dir='ltr'><strong>tants</strong></span> <span class='ocrx_word' id='word_1_196' title='bbox 710 3466 826 3524; x_wconf 77' lang='lat' dir='ltr'><strong>insania</strong></span> <span class='ocrx_word' id='word_1_197' title='bbox 839 3463 923 3542; x_wconf 83' lang='lat' dir='ltr'><strong>belii,</strong></span> 
     </span>
     <span class='ocr_line' id='line_1_32' title="bbox 106 3562 881 3648; baseline 0.001 -24"><span class='ocrx_word' id='word_1_198' title='bbox 106 3564 149 3633; x_wconf 78' lang='lat'><strong>85</strong></span> <span class='ocrx_word' id='word_1_199' title='bbox 170 3567 238 3648; x_wconf 89' lang='lat' dir='ltr'><strong>quis</strong></span> <span class='ocrx_word' id='word_1_200' title='bbox 250 3566 335 3625; x_wconf 84' lang='lat' dir='ltr'><strong>furor</strong></span> <span class='ocrx_word' id='word_1_201' title='bbox 347 3568 461 3625; x_wconf 79' lang='lat' dir='ltr'><strong>exarsit</strong></span> <span class='ocrx_word' id='word_1_202' title='bbox 469 3568 587 3626; x_wconf 86' lang='lat' dir='ltr'><strong>miseris</strong></span> <span class='ocrx_word' id='word_1_203' title='bbox 600 3568 723 3627; x_wconf 87' lang='lat' dir='ltr'><strong>insanus</strong></span> <span class='ocrx_word' id='word_1_204' title='bbox 735 3569 768 3626; x_wconf 88' lang='lat' dir='ltr'><strong>in</strong></span> <span class='ocrx_word' id='word_1_205' title='bbox 779 3562 881 3628; x_wconf 78' lang='lat' dir='ltr'><strong>arrisi</strong></span> 
     </span>
     <span class='ocr_line' id='line_1_33' title="bbox 170 3668 953 3750; baseline 0.005 -24"><span class='ocrx_word' id='word_1_206' title='bbox 170 3687 249 3750; x_wconf 88' lang='lat' dir='ltr'><strong>quae</strong></span> <span class='ocrx_word' id='word_1_207' title='bbox 261 3677 364 3727; x_wconf 79' lang='lat' dir='ltr'><strong>moret</strong></span> <span class='ocrx_word' id='word_1_208' title='bbox 374 3669 524 3727; x_wconf 85' lang='lat' dir='ltr'><strong>immerito</strong></span> <span class='ocrx_word' id='word_1_209' title='bbox 540 3670 677 3750; x_wconf 85' lang='lat' dir='ltr'><strong>quatiens</strong></span> <span class='ocrx_word' id='word_1_210' title='bbox 689 3670 816 3728; x_wconf 82' lang='lat' dir='ltr'><strong>Bellona</strong></span> <span class='ocrx_word' id='word_1_211' title='bbox 832 3668 953 3749; x_wconf 86' lang='lat' dir='ltr'><strong>flagello</strong></span> 
     </span>
     <span class='ocr_line' id='line_1_34' title="bbox 170 3767 974 3853; baseline 0.007 -24"><span class='ocrx_word' id='word_1_212' title='bbox 170 3771 344 3830; x_wconf 83' lang='lat' dir='ltr'><strong>innumeras</strong></span> <span class='ocrx_word' id='word_1_213' title='bbox 360 3767 487 3850; x_wconf 78' lang='lat' dir='ltr'><strong>genteri</strong></span> <span class='ocrx_word' id='word_1_214' title='bbox 509 3771 558 3829; x_wconf 78' lang='lat' dir='ltr'><strong>vel</strong></span> <span class='ocrx_word' id='word_1_215' title='bbox 575 3790 651 3852; x_wconf 85' lang='lat' dir='ltr'><strong>quae</strong></span> <span class='ocrx_word' id='word_1_216' title='bbox 665 3769 798 3831; x_wconf 85' lang='lat' dir='ltr'><strong>succedit</strong></span> <span class='ocrx_word' id='word_1_217' title='bbox 811 3774 932 3853; x_wconf 80' lang='lat' dir='ltr'><strong>Erinys,</strong></span> <span class='ocrx_word' id='word_1_218' title='bbox 965 3821 974 3835; x_wconf 76' lang='grc'>.</span> 
     </span>
     <span class='ocr_line' id='line_1_35' title="bbox 171 3869 898 3954; baseline 0.006 -22"><span class='ocrx_word' id='word_1_219' title='bbox 171 3882 202 3932; x_wconf 85' lang='lat' dir='ltr'><strong>et</strong></span> <span class='ocrx_word' id='word_1_220' title='bbox 213 3869 436 3934; x_wconf 69' lang='lat' dir='ltr'><strong>Phaethonteos</strong></span> <span class='ocrx_word' id='word_1_221' title='bbox 452 3875 647 3933; x_wconf 88' lang='lat' dir='ltr'><strong>commiscens</strong></span> <span class='ocrx_word' id='word_1_222' title='bbox 660 3873 799 3953; x_wconf 79' lang='lat' dir='ltr'><strong>gentibus</strong></span> <span class='ocrx_word' id='word_1_223' title='bbox 811 3876 898 3954; x_wconf 80' lang='lat' dir='ltr'><strong>ignes</strong></span> 
     </span>
     <span class='ocr_line' id='line_1_36' title="bbox 169 3974 943 4056; baseline 0.001 -20"><span class='ocrx_word' id='word_1_224' title='bbox 169 3977 272 4036; x_wconf 85' lang='lat' dir='ltr'><strong>omnis</strong></span> <span class='ocrx_word' id='word_1_225' title='bbox 286 3977 470 4056; x_wconf 68' lang='lat' dir='ltr'><strong>demergit,</strong></span> <span class='ocrx_word' id='word_1_226' title='bbox 491 3974 591 4036; x_wconf 79' lang='lat' dir='ltr'><strong>valida</strong></span> <span class='ocrx_word' id='word_1_227' title='bbox 607 3976 728 4037; x_wconf 87' lang='lat' dir='ltr'><strong>labente</strong></span> <span class='ocrx_word' id='word_1_228' title='bbox 742 3974 853 4037; x_wconf 80' lang='lat' dir='ltr'><strong>minui</strong></span> <span class='ocrx_word' id='word_1_229' title='bbox 940 4043 943 4048; x_wconf 64' lang='grc'>,</span> 
     </span>
    </p>
   </div>
   <div class='ocr_carea' id='block_1_5' title="bbox 84 4156 1200 4231">
    <p class='ocr_par' dir='ltr' id='par_1_10' title="bbox 84 4156 1200 4231">
     <span class='ocr_line' id='line_1_37' title="bbox 84 4156 1200 4231; baseline -0.001 -17"><span class='ocrx_word' id='word_1_230' title='bbox 84 4156 214 4215; x_wconf 69' lang='lat' dir='ltr'><strong>fierem</strong></span> <span class='ocrx_word' id='word_1_231' title='bbox 298 4157 365 4215; x_wconf 63' lang='lat' dir='ltr'><strong>si*</strong></span> <span class='ocrx_word' id='word_1_232' title='bbox 471 4161 803 4218; x_wconf 70' lang='lat' dir='ltr'><strong>7tractatuvsrioffl</strong></span> <span class='ocrx_word' id='word_1_233' title='bbox 911 4160 1200 4231; x_wconf 64' lang='grc' dir='ltr'><strong>ίΗοήοῙοτοΜι</strong></span> 
     </span>
    </p>
   </div>
   <div class='ocr_carea' id='block_1_6' title="bbox 84 4225 1182 4369">
    <p class='ocr_par' dir='ltr' id='par_1_11' title="bbox 84 4225 1182 4369">
     <span class='ocr_line' id='line_1_38' title="bbox 86 4225 1182 4303; baseline 0.006 -22"><span class='ocrx_word' id='word_1_234' title='bbox 86 4225 267 4284; x_wconf 61' lang='lat' dir='ltr'><strong>lidan?</strong></span> <span class='ocrx_word' id='word_1_235' title='bbox 377 4227 572 4292; x_wconf 63' lang='lat' dir='ltr'><strong>medum</strong></span> <span class='ocrx_word' id='word_1_236' title='bbox 684 4231 878 4303; x_wconf 67' lang='lat' dir='ltr'><strong>fifimqusb</strong></span> <span class='ocrx_word' id='word_1_237' title='bbox 988 4231 1182 4290; x_wconf 66' lang='lat' dir='ltr'><strong>somam-u</strong></span> 
     </span>
     <span class='ocr_line' id='line_1_39' title="bbox 84 4295 1146 4369; baseline 0.006 -17"><span class='ocrx_word' id='word_1_238' title='bbox 84 4295 298 4369; x_wconf 66' lang='lat' dir='ltr'><strong>sequium.</strong></span> <span class='ocrx_word' id='word_1_239' title='bbox 1144 4342 1146 4344; x_wconf 63' lang='grc'><em>»</em></span> 
     </span>
    </p>
   </div>
   <div class='ocr_carea' id='block_1_7' title="bbox 0 0 1380 4625">
    <p class='ocr_par' dir='ltr' id='par_1_12' title="bbox 0 0 1380 4625">
     <span class='ocr_line' id='line_1_40' title="bbox 0 0 1380 4625; baseline 0 0"><span class='ocrx_word' id='word_1_240' title='bbox 0 0 1380 4625; x_wconf 95' lang='lat' dir='ltr'><strong> </strong></span> 
     </span>
    </p>
   </div>
  </div>
 </body>
</html>
