2750 4625
173 268 245 343 19⁰
474 272 643 344 CORIPPI
665 276 723 344 DE
747 278 954 351 muninus

252 449 389 519 mepemt
403 441 555 520 Augustae
567 443 668 503 felicia
682 465 803 526 carpere
817 450 940 509 mensas

251 540 379 619 gaudia,
404 545 521 622 regales
536 545 640 625 epulus
653 557 684 605 et
700 545 799 607 dueta
812 549 924 610 Bacchi

250 660 392 717 munera,
414 665 491 726 quae
506 647 631 728 Sarepta
643 648 746 727 ferax,
769 670 846 732 quae
864 656 943 713 Gaza
958 665 1081 732 crearat,

248 745 377 804 Ascalon
391 756 421 804 et
434 748 521 807 laetis
533 747 656 809 dederat
668 771 746 833 quae
760 755 872 814 Graeca
884 757 1007 833 colonis,

186 845 228 909 90
248 864 362 925 quaeve
379 852 501 930 antiqua
515 853 629 931 Tyros,
652 873 729 934 quae
742 856 850 915 fertilis
861 860 962 917 Africa
974 863 1076 935 mittit,

249 965 326 1027 quae
343 951 459 1025 Meros,
480 970 557 1032 quae
570 954 720 1034 Memphis
736 955 842 1036 habet,
865 948 943 1041 ¹qum
958 962 1085 1023 eandida
1102 965 1234 1047 Cypron

248 1040 384 1130 quaeque
399 1053 499 1113 ferunt
512 1065 627 1115 veteres
639 1069 757 1117 maturo
772 1061 876 1120 roboae
890 1066 975 1138 vites,

248 1169 322 1231 quas
337 1155 474 1215 manibus
486 1160 613 1236 propriis
627 1157 747 1219 Ithacus
760 1163 906 1240 plantavit
917 1167 1049 1248 Ulysses‚

246 1273 320 1333 pace
335 1256 390 1315 sub
404 1259 495 1316 Iliaca
508 1261 627 1320 laertia
640 1262 746 1323 limina
761 1284 892 1342 servans,

183 1350 225 1417 96
245 1353 379 1415 noudum
393 1361 517 1418 Troiani
529 1363 624 1421 vitans
640 1361 811 1425 discrima
823 1368 915 1442 belli3

247 1475 383 1540 quaeque
396 1459 613 1541 Methymnaeis
627 1472 775 1546 expressit
786 1471 883 1529 cultor
895 1470 932 1528 ab
945 1472 1031 1547 uvis3

172 1548 177 1557 ’
247 1562 354 1638 pocula
369 1582 445 1643 quae
458 1567 550 1624 vitreo
564 1567 729 1646 flagrabant
739 1573 829 1650 plena
843 1574 979 1635 Falerno.

245 1663 342 1739 prisea
356 1664 517 1724 Palaestini
529 1670 691 1730 misoentur
702 1670 781 1732 dona
792 1658 908 1753 Lyaei,⁸

246 1763 314 1821 alba
330 1766 427 1824 oolore
443 1770 537 1844 nivis,
557 1770 729 1854 blandoque
742 1776 893 1835 levissima
908 1790 1009 1857 gustm

164 1864 224 1927 100
244 1863 327 1924 fusna
343 1866 453 1927 dabant
466 1852 549 1931 fulto
565 1870 749 1954 Chrysattiea
763 1879 832 1935 vina
844 1870 978 1955 metallo,
1040 1868 1046 1879 ⁵

244 1983 321 2045 qnae
338 1980 444 2028 natura
457 1976 534 2051 parit
547 1974 657 2055 liquidi
669 1997 730 2036 non
743 1977 845 2058 indiga
858 1983 975 2058 mellis;

243 2077 273 2126 et
289 2070 422 2131 Garisaei
436 2077 615 2152 permiscent
631 2099 741 2138 munus
756 2079 866 2140 laeehi.

242 2182 346 2230 cuneta
359 2175 426 2254 quis
440 2176 596 2257 expediet,
619 2178 748 2242 dominis
764 2202 840 2264 quae
856 2186 981 2263 pertinit
995 2186 1075 2247 orbis

240 2273 374 2335 Romano
392 2295 528 2361 quaeque
544 2292 590 2341 est
602 2286 754 2365 provincia
771 2285 889 2346 subdita
902 2286 1017 2366 regiani

157 2374 218 2441 106
238 2373 314 2436 haee
327 2399 436 2460 magno
450 2382 526 2442 luxu
542 2403 712 2467 quanquam
727 2390 876 2448 cumulata
890 2389 1066 2468 redundent,

237 2484 381 2561 temperie
396 2485 483 2543 sulita
497 2505 606 2566 parvus
621 2488 705 2548 cibus
719 2510 769 2548 ore
782 2491 917 2551 modesto

236 2587 381 2658 sumitur,
402 2594 434 2643 at
451 2598 597 2667 quantum
610 2594 707 2672 capiat
720 2613 807 2653 mens
820 2596 918 2660 sobria
930 2605 1028 2673 potus,

236 2704 361 2744 censura
374 2700 509 2748 servante
521 2690 656 2753 modum.
699 2716 769 2754 eura
783 2700 847 2776 ipsa
859 2695 983 2773 regendi

242 2788 456 2868 elementisque
473 2794 590 2853 animus
603 2815 793 2874 praesumere
808 2801 925 2879 peruius
940 2816 1023 2855 esoas

154 2890 216 2957 110
237 2891 301 2949 iure
315 2890 402 2965 facit,
425 2903 573 2973 potusque
587 2918 694 2978 parum
708 2904 853 2981 sapientia
868 2902 995 2980 quaerit.

238 3011 326 3050 aurea
341 2998 497 3071 purpureis
511 3011 664 3082 apponunt
676 3000 789 3060 fercula
802 3004 915 3060 mensis

236 3092 368 3171 pondere
380 3112 566 3172 gemmarum
575 3101 644 3178 plus
658 3105 770 3180 gravia.
811 3104 909 3179 pictus
924 3100 1035 3180 ubique

237 3197 417 3255 lastinianus
433 3208 505 3257 erat.
548 3198 677 3261 dominis
692 3205 805 3281 pictura
817 3201 963 3281 planebat,

235 3295 462 3382 gaudebantqne
478 3303 680 3380 unigenitoris
693 3306 824 3382 imagine
837 3307 903 3361 visa
918 3309 930 3332 “
1042 3362 1047 3372 ,

152 3396 212 3462 115
232 3399 335 3459 felices
348 3406 452 3479 geniti.
493 3424 579 3464 veras
590 3404 633 3462 ibi
647 3424 765 3463 eernere
779 3425 883 3484 posses

233 3519 332 3561 meras
346 3502 475 3583 effigies,
496 3509 636 3588 vivasque
652 3504 768 3566 adstare
781 3518 912 3587 putares.

232 3622 280 3664 ars
295 3615 325 3663 et
338 3609 477 3667 materies
490 3611 604 3667 animas
616 3610 706 3668 simul
718 3607 828 3669 addere
839 3621 970 3691 possent,

232 3705 363 3766 addendi
377 3713 497 3769 veniam
511 3714 570 3771 nisi
583 3720 631 3786 tu,
653 3721 773 3786 natura,
783 3722 930 3792 tnegares.

230 3809 359 3888 ingeniis
373 3808 530 3872 homiuum
543 3827 610 3895 pust
624 3827 752 3876 mortem
763 3820 864 3876 vivere
875 3817 958 3875 fama

148 3912 208 3976 100
230 3931 402 3972 conoessum
416 3925 476 3973 ests
500 3918 613 3976 clarum
626 3930 724 3979 servat
736 3940 790 3979 sua
805 3919 899 3997 gloria
911 3934 1032 3978 nomen·

229 4014 295 4093 ipse
308 4014 528 4095 triumphorum
540 4039 595 4100 per
608 4022 726 4104 singula
741 4041 811 4081 vasa
827 4039 950 4079 suorum

227 4115 380 4176 barberino
395 4116 552 4178 historiam
565 4121 629 4180 fieri
642 4121 834 4182 maudaverat
848 4142 931 4197 auro,

230 4228 363 4300 tempure
379 4238 438 4302 quo
451 4225 545 4301 captis
558 4225 659 4283 iniecit
672 4226 771 4285 vincla
786 4226 921 4307 tyrannis
