2750 4625
418 293 477 362 DE
501 291 710 363 taunlaus
734 291 904 363 lusum
992 289 999 304 ⁴
1137 292 1213 367 375
1299 348 1303 355 ·

202 463 272 532 164.
306 460 459 543 feliciter]
480 457 583 520 deerat
597 458 750 540 reliquum
761 456 854 520 huius
867 479 983 521 rerem.
1003 481 1061 543 ego
1073 463 1212 544 supplevi

115 552 176 614 sic:
188 550 339 631 selr'eeffter,
358 550 481 606 innonat
497 565 611 620 omnm
633 555 685 605 aut
703 545 761 605 hoe
779 546 912 619 donuae,
932 548 1041 627 iuquit
1076 549 1214 630 semer

115 648 218 698 autem
244 644 364 716 recepta
385 632 516 692 formula
535 630 660 691 dictrun.
712 632 797 691 Suet.
819 633 934 691 Domit.
955 635 1011 697 18:
1046 634 1214 694 acclemori

116 721 236 803 epulari
255 722 304 781 die
323 722 357 778 in
380 717 600 798 areptitium
619 716 745 776 libetuer
762 717 863 776 audt'e't
875 708 1017 777 “dommo
1033 729 1061 775 et
1076 718 1215 779 domnae

106 800 273 890 feliciter?
314 808 419 864 luten.
437 808 475 869 2:
510 805 650 882 afflone
666 801 802 881 tubulus,
830 803 946 862 &nem
955 802 1101 882 feliciter.
1147 803 1213 864 dlxi

116 913 230 966 omues,
250 902 285 951 ut
303 891 440 951 omnium
457 886 597 948 ordinum
609 891 642 947 iu
655 886 783 949 creando
800 890 980 968 imperatore
993 908 1154 948 consensus
1170 892 1214 949 si-

116 990 276 1059 gnareturt
297 995 372 1034 nam
384 976 464 1035 facto
482 976 540 1034 SC.
554 974 738 1033 clamabatur
751 995 862 1034 omnes.
893 975 941 1033 1³1.
953 975 1074 1053 Vopiao.
1088 975 1213 1035 Tacito:

107 1064 203 1146 saeta
232 1063 371 1121 concione
394 1081 416 1118 a
440 1061 537 1119 Metto
563 1059 751 1119 Nicomacho
775 1070 908 1118 uenatore
930 1058 1096 1117 clarentem
1119 1059 1213 1133 clare,

116 1168 232 1220 onmee,
247 1167 358 1206 omnes.
395 1144 478 1205 idem
491 1147 524 1204 in
536 1147 650 1206 Probo:
672 1142 795 1205 dicem
805 1147 901 1225 igitur
912 1146 953 1204 P.
974 1145 1007 1204 0.
1023 1144 1107 1205 vobis
1115 1148 1214 1205 omni

118 1233 175 1294 bue
197 1229 418 1293 commeatibus
437 1251 545 1297 nonan
569 1231 761 1303 Coeweum,
789 1251 897 1289 nomen
915 1229 1109 1309 Augroemm,
1143 1243 1216 1310 poet

116 1319 193 1379 hoec
213 1318 428 1377 acclamatum:
450 1336 565 1389 omnes,
585 1337 697 1376 omnes.
740 1314 895 1397 Lamprid.
913 1314 1093 1376 Commodo:
1114 1336 1217 1376 omnes

118 1424 270 1464 onaeemue
288 1425 366 1463 amco
385 1402 574 1463 calmem.
619 1414 671 1462 aut
692 1412 771 1462 certe
791 1405 852 1478 sic,
864 1401 1001 1482 feliciter
1012 1401 1069 1460 hoo
1081 1401 1216 1474 domm,

117 1492 230 1570 nequit,
251 1490 388 1549 exSuet.
401 1508 502 1570 snpra.
522 1490 665 1548 Deseror.
699 1487 836 1568 feliciter
845 1490 962 1566 nempe,
982 1487 1068 1546 dreit.
1098 1489 1142 1546 sic
1157 1507 1216 1546 ex-

117 1575 200 1656 plevi
214 1573 296 1634 hunc
309 1573 436 1650 hiatum,
457 1584 488 1634 et
500 1571 643 1633 distinxit
662 1576 762 1654 possis
775 1576 866 1632 etiam
871 1572 1007 1654 feliciter
1018 1571 1211 1632 αοοὶαιιιανᾱ.

119 1659 158 1719 de
179 1657 237 1719 hac
255 1661 385 1720 formula
402 1658 589 1719 acclamandi
608 1657 747 1719 recordor
766 1660 869 1741 aliqua
889 1658 1003 1718 dixisse
1022 1660 1055 1716 iu
1075 1660 1155 1717 notis
1174 1656 1214 1716 ad

117 1743 400 1826 Phaedrumatque
420 1743 460 1803 ad
479 1743 676 1806 Guntherum.
697 1747 792 1804 Rrrr.
846 1758 958 1823 aequor
976 1762 1024 1802 ms
1046 1743 1214 1822 exemplar.

118 1851 176 1890 nec
186 1828 383 1905 mumdum,
405 1849 474 1889 cum
484 1850 547 1889 non
563 1832 641 1890 absit
652 1831 743 1908 longe
753 1829 890 1911 pelagus.
921 1825 991 1887 vide
1004 1846 1094 1907 supra
1114 1832 1129 1891 1
1153 1831 1215 1893 103

119 1914 159 1976 de
174 1914 263 1977 domo
276 1917 394 1976 lastini-
435 1935 498 1975 non
510 1935 581 1975 vero
593 1917 626 1974 iu
639 1915 777 1995 publico,
799 1913 856 1973 sed
869 1916 902 1972 in
916 1933 976 1973 enav
984 1912 1074 1973 domo
1089 1914 1217 1994 sumpsit

118 2004 317 2081 Augrntalam
329 1999 469 2060 habitum
480 2001 630 2075 Iustinus,
652 2010 682 2059 et
695 2001 738 2060 ita
752 2010 874 2060 ornatus
887 2001 1033 2059 solemnia
1044 2011 1217 2077 peracturus
1230 2062 1234 2069 ,

118 2098 242 2167 repente
264 2091 298 2147 in
317 2083 525 2166 Hippodromo
547 2086 730 2167 comparuit,
752 2097 786 2146 ut
803 2085 906 2145 scribit
919 2079 1106 2163 Nicephorue
1124 2085 1219 2144 citti-

115 2183 180 2234 etus
194 2173 234 2237 17
255 2177 309 2238 88.
349 2175 476 2232 Basra.
1050 2212 1054 2221 .
1083 2210 1088 2218 .

203 2256 245 2319 ib.
290 2261 354 2318 iam
372 2267 462 2316 antea
474 2255 643 2315 invaluerat
655 2264 690 2315 ut
703 2254 775 2314 novi
788 2255 983 2333 imperatores
997 2259 1217 2329 coronarentur,

120 2340 202 2425 qaod
227 2352 343 2403 conant
361 2362 403 2402 ex
422 2341 509 2400 libris
530 2342 683 2400 (lunatam.
706 2335 856 2420 Porphyr.
880 2339 918 2399 ‹Ie
937 2338 1110 2399 ceremoniis
1127 2337 1220 2397 culus
1270 2331 1279 2354 ‘

120 2429 322 2509 Byzantinos.
365 2429 466 2486 Foco.

208 2516 279 2576 166.
321 2515 354 2575 iu
377 2521 494 2570 vetusto
517 2506 619 2569 codice
640 2529 753 2590 aequor
774 2518 847 2568 erat.
889 2510 958 2569 aliis
977 2509 1093 2589 placuit
1117 2509 1221 2568 aether

122 2597 256 2671 restitui,
277 2597 363 2654 nulla
384 2597 577 2671 necessitate,
601 2615 672 2654 cum
692 2605 807 2655 oouetet
821 2614 862 2653 ex
874 2597 935 2655 situ
948 2595 1049 2674 epotis
1063 2614 1150 2674 posse
1166 2615 1221 2653 oe-

122 2702 199 2762 qnor
212 2682 284 2760 legi.
305 2683 447 2740 Derisor.
463 2733 466 2740 f
490 2682 559 2760 lego
575 2681 686 2740 aetiam
731 2678 872 2739 Barthius
888 2691 921 2739 ut
937 2681 1044 2759 probat
1056 2678 1221 2759 legendum

122 2786 188 2826 esse
202 2786 326 2846 aequor,
353 2767 424 2825 citat
440 2769 457 2829 1
482 2769 560 2841 108,
582 2766 637 2826 sed
645 2767 771 2828 fnestra:
792 2767 990 2847 nequeenim
1003 2768 1036 2824 in
1050 2763 1140 2826 domo
1154 2785 1219 2843 sua,

122 2849 177 2912 sed
190 2853 223 2910 in
236 2853 321 2931 regia
334 2871 401 2911 arce
415 2853 621 2932 imperatoriae
634 2863 734 2911 vestes
745 2854 877 2912 Iustinus
890 2849 1000 2911 induit.
1042 2853 1142 2911 Foco.

209 2941 278 3002 170.
321 2937 493 2996 discrimine
512 2956 671 3018 perperam
691 2938 865 3017 legebatur:
892 2955 1005 3017 repone
1031 2934 1217 2995 theoduino.

123 3032 226 3083 auctor
247 3023 363 3102 elegiae
382 3021 420 3082 de
438 3021 626 3098 Philomela,
656 3044 674 3083 e
695 3042 755 3105 quo
776 3020 827 3083 hic
844 3024 930 3082 locus
951 3020 1161 3102 depromptus,
1185 3031 1220 3078 tn

124 3107 295 3166 Philomela
302 3119 388 3187 potes
401 3129 509 3169 vocum
521 3109 698 3168 &wintino
711 3108 807 3184 mille;
827 3111 899 3168 licet
909 3110 1033 3188 antiqua
1045 3108 1135 3166 lectio
1146 3106 1219 3163 ferri

121 3202 230 3274 potest.
272 3195 414 3254 nemer.
621 3207 624 3212 ’

208 3276 251 3335 ib.
295 3279 428 3339 imitatur
442 3281 549 3359 virgil·
562 3282 676 3343 Aemi
698 3275 772 3345 646.
814 3281 913 3339 Foco.

209 3364 280 3426 172.
323 3377 446 3443 regnate
454 3386 557 3443 parea.
603 3363 642 3424 ad
657 3375 728 3425 vota
742 3364 918 3443 coniugibus
931 3361 1033 3421 voveri
1047 3360 1135 3421 solita
1149 3379 1221 3439 per-

124 3449 218 3507 tinet:
236 3449 371 3525 paritate
383 3452 464 3508 enim
478 3448 643 3510 Concordia
655 3450 845 3528 intelligitur.
874 3447 1069 3527 Calpurnius:
1091 3456 1150 3504 erte
1157 3466 1222 3524 pa·

124 3556 185 3606 ree,
205 3543 234 3591 et
252 3532 290 3592 ob
309 3534 366 3593 hoe
384 3535 542 3594 concordes
562 3538 665 3594 vivale.-
692 3555 766 3593 nam
788 3555 842 3594 vos
863 3545 892 3592 et
910 3533 998 3592 decor
1017 3542 1047 3590 et
1067 3542 1174 3590 centua
1194 3542 1223 3588 et

124 3641 211 3677 antor
220 3622 346 3679 sociavit
359 3630 388 3677 et
398 3630 492 3679 neme.
539 3617 576 3678 de
590 3623 718 3699 paritate
734 3629 836 3679 autem
851 3616 1024 3702 quaerenda
1035 3619 1070 3675 in
1084 3619 1224 3695 coniugio

123 3702 249 3783 pulchre
266 3703 436 3786 Aeschylus
457 3703 654 3766 Prometheo:
683 3697 708 3787 ἦ
731 3699 844 3785 σοφός,
865 3696 890 3787 ἦ
913 3697 1007 3784 copie
1026 3695 1067 3783 ἦν
1088 3698 1224 3784 ‘derepi-

122 3811 173 3864 τος
186 3800 243 3849 etc.
285 3794 426 3854 lisura,⁴
445 3839 448 3852 .

210 3873 282 3938 174.
324 3876 504 3956 tandemque
520 3876 648 3956 φᾰινίὶ]
677 3872 802 3954 pulchre
821 3871 1022 3934 lenitudinem
1041 3869 1224 3933 considentis

127 3957 264 4018 clamoris
278 3960 440 4022 iudicaritr
464 3981 527 4022 non
543 3961 625 4021 enim
638 3961 738 4019 subito
750 3963 826 4019 tanti
837 3961 922 4039 vulgi
933 3957 1111 4022 adclamatio
1125 3957 1224 4015 couti·

126 4044 227 4101 cecoit.
271 4055 301 4103 et
314 4049 410 4106 mtdta
422 4048 495 4106 talia
507 4049 540 4106 in
553 4047 683 4126 corippo
696 4065 821 4121 curam,
836 4065 929 4127 quam
937 4065 994 4125 pro
1011 4063 1046 4102 eo
1061 4061 1153 4115 aevo,
1174 4041 1223 4098 ie—

127 4128 264 4187 liciorem
283 4132 451 4192 referentia.
494 4135 538 4190 sic
557 4134 717 4192 scitissime
730 4132 824 4190 talem
838 4130 1002 4191 tumtum
1015 4130 1110 4186 ἱιιιῐιιι·
1123 4127 1224 4184 consi-

129 4211 243 4288 dentis,
268 4226 426 4275 veutorum
446 4219 619 4293 animabus,
640 4228 675 4276 ut
695 4218 847 4277 Aruobiaee
865 4217 1016 4296 loquitur,
1039 4212 1151 4272 sensim
1167 4229 1225 4270 ax-

129 4298 326 4378 spirantibas,
347 4302 447 4381 pelagi
460 4303 570 4362 referre
584 4303 692 4364 cecinit
705 4302 889 4364 claudianae
903 4307 1015 4362 noster.
1057 4297 1182 4360 Badra.
