2750 4625
16 994 18 1103 l

16 1182 18 1313 l

16 1372 19 1501 l

16 1564 18 1639 ι

432 249 697 325 lontNNfflos
722 255 803 322 LIB.
826 256 886 324 IV.

187 417 345 479 immitem
356 425 488 479 manare
500 418 610 480 vinum.
652 432 768 483 tentare
781 424 903 503 periclis

189 540 257 581 non
270 521 372 580 timuit
385 523 503 601 genitor
515 542 570 602 pro
584 523 722 587 libertate
738 527 837 586 senili.

98 620 171 689 240
193 615 360 682 Guntauieh
375 623 501 699 infelix,
523 627 646 704 cupiens
662 627 727 685 fera
741 638 833 707 regna
844 638 956 705 tenere,

155 720 160 725 ’
195 726 356 787 Armenios
374 744 460 786 enses
473 746 563 786 sueva
575 731 654 787 inter
666 732 775 810 pomula
788 734 891 806 sensit,

195 837 227 888 et
242 826 323 886 male
337 846 491 888 consessas
501 831 664 903 unaeulaut
677 834 822 912 sanguine
834 851 966 893 mensas.

237 929 356 1004 Africa,
377 949 432 1009 per
444 940 542 992 tantus
554 935 674 1013 perteus
687 956 749 995 non
762 936 825 994 ulta
836 938 967 1016 rapinas,

195 1029 240 1091 sie
254 1050 356 1089 mersa
369 1042 425 1091 est.
467 1043 497 1092 te
512 1046 664 1115 exspectat
676 1039 774 1116 inops.
817 1058 954 1127 succurre
968 1040 1117 1117 gementi:

16 1108 17 1111 Ἴ
101 1128 173 1201 245
192 1151 325 1214 nemque
338 1143 439 1213 potes,
462 1136 617 1219 virtusque
628 1138 684 1196 tibi
696 1139 758 1199 iam
771 1150 843 1198 notu
855 1162 909 1220 per
919 1142 1023 1202 urbem
1034 1153 1091 1219 est,

195 1246 227 1296 et
239 1235 367 1315 vigilant
380 1256 502 1313 sensus,
528 1247 558 1297 et
570 1240 657 1299 claris
671 1239 795 1299 dextera
808 1236 925 1303 facud

237 1338 327 1397 Talis
344 1356 579 1401 commemorans
595 1342 743 1402 referebat
755 1343 835 1419 bella
849 1344 996 1421 tribunus,

192 1438 310 1498 lumina
323 1441 501 1501 suntaubans
514 1443 663 1520 lacrimis3
684 1447 873 1526 Libycusque
887 1448 989 1507 rumas

194 1542 316 1623 lataque
332 1552 437 1601 cuneta
451 1541 561 1603 dunum
572 1546 657 1605 lautu
672 1545 802 1607 deflebat
813 1567 926 1608 amaro.

105 1640 172 1707 250
193 1644 340 1723 ingemuit
352 1641 457 1703 dumos
470 1664 613 1707 aunuum
626 1658 729 1708 mente
741 1650 899 1730 benignus.

195 1766 392 1826 congemuere
405 1745 512 1807 duces:
533 1752 642 1809 animis
655 1753 689 1811 iu
701 1752 814 1831 proelia
828 1762 954 1831 surgunt

195 1847 361 1925 indomitis.
403 1848 488 1909 delur
502 1861 591 1933 atque
607 1851 706 1932 pudor
718 1855 783 1913 fera
797 1852 886 1914 eorda
900 1855 1018 1935 fatigat.

193 1958 265 2009 tune
278 1951 406 2011 maculis
422 1954 540 2013 tinxere
554 1975 663 2034 genas,
684 1958 858 2037 pallentque
873 1957 1057 2039 rubentque;

193 2071 252 2114 nee
265 2054 339 2113 latet
355 2074 406 2114 ore
420 2055 513 2116 furor.
557 2069 745 2129 minuentem
761 2077 882 2136 surgere
896 2058 997 2118 luoem

105 2153 173 2221 265
193 2156 256 2215 ism
271 2159 410 2236 eupiunt,
431 2157 609 2241 tardumque
622 2161 901 2241 inhaunoetemque
914 2163 1079 2241 requinmt.

236 2260 361 2319 caerula
375 2261 509 2322 sulcabat
522 2260 696 2344 dirumpens
708 2263 776 2322 luce
792 2280 912 2324 corusca

192 2359 351 2439 Phoebus,
373 2372 403 2422 et
418 2375 550 2426 eruentes
563 2365 662 2426 radios
676 2387 732 2446 per
744 2366 848 2424 nubila
863 2366 984 2425 vibrans

192 2449 308 2524 lumina
322 2465 378 2524 sub
391 2469 526 2528 tremulis
539 2469 697 2549 spargebat
710 2465 857 2546 lampadis
870 2465 978 2541 undis3

194 2568 393 2648 surgebatque
406 2567 471 2630 dies
485 2573 602 2630 miseris
616 2571 801 2649 gratissimus
813 2567 906 2625 Afris.

107 2671 174 2735 260
193 2670 314 2751 iamque
327 2668 417 2731 duces
424 2716 433 2748 ,
455 2674 545 2731 variis
557 2672 710 2732 turbantes
722 2669 844 2729 vocibus
857 2686 976 2747 agmen,

195 2773 340 2850 urgebant
351 2775 503 2856 fortesque
517 2778 597 2835 viros
610 2774 765 2853 clerosque
774 2771 921 2830 taibunos.

196 2877 322 2957 quisque
337 2895 407 2936 ιιιοι
418 2875 555 2938 hortatus
567 2893 676 2956 egens:
697 2872 747 2933 his
761 2884 856 2934 outre
867 2893 998 2949 movere,

195 2997 277 3036 erma
290 2997 395 3057 parere
408 2980 528 3055 iubent,
550 2981 632 3039 iussa
649 2971 783 3058 spectare
795 2977 941 3055 magistri.

195 3083 280 3160 signa
292 3083 393 3140 ferunt
406 3092 570 3164 ornantque
586 3083 660 3158 viri,
681 3079 872 3161 gaudentque
887 3087 1005 3137 tuentes

110 3181 174 3249 265
194 3202 335 3264 prospere
349 3183 489 3244 ὤιοιιιιὶι
500 3183 634 3244 ludentia
644 3185 766 3244 flamina
779 3182 865 3239 velis.

196 3295 227 3343 et
240 3296 327 3366 pater
339 3306 503 3367 exsurgens
519 3297 695 3367 cumpuncta
705 3293 806 3343 mente
818 3278 976 3355 Iohannes,

194 3386 284 3447 eorde
295 3392 363 3469 pio,
385 3391 511 3471 genibus
523 3392 604 3448 nixis
616 3399 646 3448 et
657 3388 770 3467 poplite
785 3384 874 3457 flexo,

195 3494 370 3573 suppliu'ter
385 3493 521 3572 geminas
534 3489 659 3550 tendens
674 3508 742 3548 cum
755 3486 869 3544 lumine
881 3482 1008 3561 palmas,

196 3617 247 3656 ore
262 3615 371 3656 canens
384 3593 460 3654 haee
473 3596 564 3653 verba
576 3594 677 3652 resen.
710 3582 786 3648 “tibi
799 3589 910 3667 gloria,
932 3583 1059 3663 Christe,

110 3702 174 3766 270
194 3719 313 3759 summe
324 3717 433 3778 parens
446 3693 617 3769 heminton,
637 3694 749 3772 linguis
762 3700 792 3748 et
803 3700 922 3770 pectore
934 3707 1008 3767 puro

196 3805 252 3862 rite
267 3801 368 3878 (latur,
389 3797 554 3880 laudesque
566 3797 663 3856 libens
676 3803 833 3875 gratesque
845 3791 972 3864 resolvo,

195 3923 257 3963 non
273 3906 369 3962 elium
379 3899 504 3963 laudare
518 3900 597 3960 volo.
638 3909 688 3974 tu,
711 3893 846 3955 eonditor
860 3893 950 3967 orbis,

112 4084 165 4140 240
180 4087 311 4156 guntarith
324 4086 350 4139 Τ
442 4085 494 4140 242
510 4082 640 4138 canimus
653 4080 679 4133 T
770 4079 823 4134 246
839 4072 987 4131 unumst
1084 4064 1160 4122 263
1153 4082 1206 4119 tus·

112 4158 222 4278 gugolltt
223 4158 303 4282 4635
316 4156 380 4221 ⁵82,
393 4157 410 4214 'l
422 4156 457 4212 46
467 4162 495 4210 et
505 4147 563 4211 605.
597 4165 748 4222 quanquam
758 4147 891 4204 centraria
902 4158 1000 4217 qaoque
1011 4141 1071 4194 aaut
1082 4138 1206 4205 exempta,

186 4243 201 4278 e

163 4322 262 4376 Meae.
285 4327 310 4376 et
331 4320 392 4375 Ger.
442 4279 446 4286 =
963 4300 1002 4362 1⁰
