2750 4625
419 324 685 395 lousNtssDos
709 328 789 395 ΠΒ.
812 328 870 396 ΙΠ.

183 492 378 576 congreditur
389 490 499 553 mediis
517 494 713 555 commiscens
726 495 842 575 proelia
855 496 949 572 silvis,

86 598 157 667 420
180 596 353 679 impavidus
364 595 520 677 fidensque
535 599 608 656 suis.
650 600 713 655 iem
728 600 841 657 vicerat
853 596 964 673 hostes,

182 705 305 783 iamque
318 702 398 760 acies
414 696 538 759 adverse
551 699 648 778 fugax
662 697 817 760 advertere
831 710 916 779 terga

183 813 322 883 coeperat
337 814 426 884 etqua
440 813 525 862 metu
536 803 672 878 feneus,
694 804 815 882 iamque
830 805 894 881 ipse
911 822 966 881 per
978 799 1078 863 hostes

185 908 277 964 currit
291 918 320 965 et
335 925 453 965 eversas
469 907 604 986 sequitur
618 902 774 984 perderis
788 914 911 978 turmas,

187 1027 256 1066 cum
269 1009 367 1067 subito
380 1006 499 1087 dirupta
514 1005 599 1065 fides.
641 1007 772 1067 Fortuna
786 1008 902 1065 retorsit

93 1106 165 1174 425
185 1111 288 1171 vultus
301 1121 379 1169 retro
393 1130 474 1170 suos.
515 1106 657 1170 Leohais
669 1119 743 1168 tunc
755 1109 883 1166 stamina
895 1111 986 1188 rupit,

185 1213 326 1295 laesaque
340 1233 494 1294 perversos
506 1212 609 1271 retulit
621 1211 745 1269 victorie
756 1209 883 1289 palmas.

186 1314 327 1374 invenere
340 1327 514 1388 suumtunc
526 1315 622 1372 tristia
636 1312 698 1371 fata
709 1315 891 1371 ministr-mn.

187 1416 350 1477 Gnntasich
363 1419 473 1478 infelix
487 1426 621 1476 nostrum
637 1417 798 1474 conterruit
811 1435 931 1495 agmen.

187 1517 321 1579 funditus
334 1518 384 1579 hic
400 1521 496 1600 potuit
506 1520 656 1578 Romanas
671 1528 785 1577 vertere
799 1520 889 1603 vires
926 1554 934 1572 .

98 1614 165 1682 480
185 1638 247 1679 uon
258 1624 371 1681 riuum
383 1622 518 1699 fortuna,
538 1608 645 1679 nsinsx
656 1636 719 1678 non
731 1604 879 1699 presserat
892 1619 997 1697 hostis,

186 1739 249 1779 non
262 1734 360 1784 metus
373 1744 441 1784 acer
453 1742 561 1805 agens3
584 1720 639 1781 sed
652 1732 772 1782 vertens
783 1733 884 1783 mente
896 1725 1029 1804 maligna

188 1825 273 1902 signs
286 1827 377 1885 refert
388 1827 533 1907 rissgitque
545 1826 661 1905 fugam.
704 1843 796 1906 quem
805 1824 880 1884 vidit
892 1836 927 1884 ut
942 1830 1040 1886 omnis

186 1943 272 1986 versa
286 1927 392 1988 cohors
405 1927 570 2008 trepidum,
590 1930 739 2008 sequitur,
761 1929 933 2009 campisque
947 1932 1122 2009 magistrum

187 2024 312 2106 deserit,
332 2033 364 2090 in
377 2030 486 2090 mediis
496 2033 672 2090 miscentem
684 2032 798 2110 proelia
812 2031 912 2090 fossis.

100 2126 165 2193 435
185 2126 261 2189 lsaec
273 2134 334 2194 fors
348 2132 421 2192 dura
434 2152 528 2193 novas
537 2143 609 2193 tnnc
623 2131 759 2193 hostibus
773 2130 890 2189 addidit
904 2135 964 2191 iras

185 2234 384 2317 virtutemque
400 2235 506 2309 simul,
527 2238 635 2294 uostris
649 2235 804 2315 letumque
819 2243 993 2313 metumque

186 2335 403 2419 obscenamque
416 2339 537 2417 fugam,
557 2341 640 2418 turpi
653 2356 730 2419 quae
741 2335 867 2416 perdere
882 2347 986 2415 gentes

186 2437 281 2498 Muta
296 2443 382 2501 solet.
425 2442 560 2522 sequitur
572 2440 672 2500 densis
684 2441 748 2498 iana
759 2439 865 2497 fortior
876 2441 969 2497 armis

187 2537 281 2602 hostis
296 2544 401 2602 acerba
415 2543 529 2602 furens.
571 2544 636 2622 ipse
650 2537 845 2620 impendente
858 2540 989 2597 tinnultu

100 2639 165 2707 440
185 2643 308 2722 occidit,
330 2644 407 2723 heu,
428 2644 512 2705 duris
524 2643 668 2704 transfixo
681 2653 801 2721 pectore
814 2641 883 2699 telis

186 2747 352 2808 inmeritus
367 2749 521 2809 solomon.
563 2754 635 2804 tunc
648 2746 746 2804 omnis
758 2745 883 2802 vertitur
895 2741 979 2802 ordo.

187 2851 290 2910 llartis
301 2871 384 2911 more
396 2853 499 2911 ffirens
510 2849 614 2907 nullus
626 2849 689 2906 iem
702 2847 791 2906 rebus
805 2849 919 2906 amicus

186 2956 313 3029 mansit,
335 2952 390 3013 sed
401 2952 546 3034 praedans
557 2953 677 3029 sepiens
689 2951 837 3028 perbelle
853 2953 978 3009 cucurrit

187 3058 284 3114 omnis
299 3060 393 3114 emim
404 3075 522 3115 suanus.
564 3054 646 3112 flevit
659 3064 731 3111 tunc
743 3056 836 3113 tristis
849 3064 948 3112 arator

99 3156 165 3223 445
187 3157 365 3234 disiunctos,
390 3159 525 3237 fugiens,
549 3153 651 3215 hostes
667 3158 800 3235 rapuisse
813 3155 966 3212 iuvencos.

186 3271 257 3319 tnnc
269 3280 373 3320 omnes
384 3262 500 3339 periere
513 3258 636 3333 domus,
657 3268 729 3316 tunc
741 3266 847 3314 cuncta
860 3255 1009 3334 supellex.

186 3383 242 3421 nec
254 3363 336 3421 solus
350 3379 463 3442 pauper
477 3381 548 3419 cusu
560 3378 720 3420 concussus
733 3361 765 3415 in
779 3357 833 3415 illo

186 3466 361 3524 succubuit:
383 3463 467 3522 dives
482 3465 593 3542 pariter
610 3482 679 3520 oum
694 3479 825 3540 paupere
839 3478 967 3518 mersus.

184 3578 254 3647 post
268 3568 438 3628 solomonis
449 3587 520 3647 opes
534 3567 656 3624 libertas
668 3564 747 3622 fucta
759 3563 883 3641 rapinis,

101 3666 165 3735 450
185 3690 243 3727 nec
254 3690 324 3750 pars
339 3671 401 3728 ulla
413 3671 471 3728 fuit
484 3669 558 3727 belli
572 3686 676 3727 secura
689 3666 826 3743 maligni.

187 3781 287 3852 raptor
299 3773 413 3853 ubique
426 3773 528 3830 furens
542 3771 631 3830 urbes
644 3764 798 3830 succendit
811 3776 842 3824 et
856 3781 961 3843 agros3

185 3894 243 3933 uec
256 3894 344 3955 seges
358 3885 409 3934 aut
423 3875 527 3951 arbor,
549 3874 677 3953 flagrans
693 3867 770 3952 quae
785 3869 912 3928 solvitur
925 3868 1007 3944 igue,

101 4091 155 4146 425
171 4093 298 4149 latesis'l'
362 4093 414 4150 428
431 4092 557 4148 urnotsrit
570 4093 595 4145 'l'
660 4089 713 4145 too
728 4083 1020 4155 minssnoupressetl'
1084 4080 1136 4133 432
1153 4080 1200 4132 fiu-
1304 4112 1308 4120 ·

103 4163 208 4232 gitque]
229 4165 416 4235 [Qaruqnel'‚
431 4162 583 4217 utmorem
669 4160 722 4214 ¹134
738 4159 872 4211 miscentes
883 4156 955 4225 opud
969 4154 1004 4233 M·
1084 4149 1136 4202 435
1153 4166 1201 4201 uec

102 4231 506 4373 Qqagoemfglupqqrqua
528 4234 567 4299 Τ,
595 4230 683 4284 turbes
704 4244 772 4296 quae
793 4227 823 4278 Μ
925 4223 975 4275 439
997 4235 1052 4289 ipso
1077 4218 1148 4291 opud
1172 4217 1203 4271 Μ
