2750 4625
96 230 163 282 rm
540 205 760 277 munau

101 379 187 439 mem
206 376 320 458 parm
346 367 450 452 Μ
475 395 546 436 eun
570 353 904 437 mosaeam
924 368 1056 450 ntqm
1078 366 1197 430 uva-0

102 480 250 542 muriae
262 489 424 560 cum'aqua
436 478 470 536 in
484 497 568 539 sacro
586 480 715 539 launo
727 472 862 535 adbibita
880 472 941 533 sibi
959 471 1071 552 surgere
1091 491 1199 535 mone·

103 586 192 658 bam3
212 580 247 644 id
260 601 330 641 vero
343 583 397 639 rix
408 582 442 638 in
455 579 657 642 Christianmn
666 577 785 640 cadere.

16 708 44 765 p.
61 690 89 748 X
188 688 271 744 Haeo
283 681 457 743 *meditabar
475 685 631 765 Sangam,
651 681 776 744 sidonio
791 675 1199 756 Sirmcndianodestitntm

104 809 197 873 quern
209 790 236 849 si
247 786 394 866 inspicere
408 790 582 867 potuissem,
596 797 661 846 tota
672 784 889 865 argumentatio
903 779 1090 843 concidisset.
1132 801 1201 843 car-

106 912 179 952 men
199 892 283 950 en'irn
300 887 490 948 Merobaudis
511 886 549 948 de
570 886 687 949 cbristo
706 897 824 946 exstare
848 883 935 944 docet
947 882 1202 944 doctissimusilla

106 990 226 1055 Sidonii
240 999 400 1050 enarrator.
442 988 476 1049 id
488 988 547 1050 hoc
557 989 669 1051 indicio
681 990 770 1049 facile
781 991 813 1047 in
824 988 952 1046 Fabricii
966 988 1139 1047 collectione
1151 989 1203 1047 in·

108 1096 194 1168 veni,
218 1093 396 1171 inscriptum
413 1091 611 1151 Merobaudis
628 1094 768 1171 Hispani
790 1090 987 1150 Scholosu'ci:
1012 1111 1101 1170 porro
1121 1089 1205 1151 huno

109 1197 232 1256 titulum
245 1196 279 1253 in
290 1195 491 1253 vetustissimo
506 1195 594 1270 libro,
617 1213 658 1252 ex
671 1213 731 1275 quo
745 1194 897 1253 Fabricius
910 1212 943 1252 se
956 1190 1045 1252 edere
1056 1192 1139 1270 dicit,
1161 1198 1206 1256 ita

110 1299 257 1377 scriptum
275 1296 441 1371 exstitisse,
460 1316 551 1355 nemo
575 1294 732 1384 dubitabit.
774 1293 858 1353 idem
877 1306 979 1354 umen
998 1304 1108 1377 poema
1127 1300 1206 1358 inter

112 1398 270 1461 Claudiani
290 1416 407 1480 quoque
426 1401 642 1479 epigrammata
660 1406 761 1456 exstat
780 1389 916 1479 (“prolea
929 1418 1001 1458 vera
1015 1393 1123 1480 dei'),
1147 1404 1207 1462 sei-

112 1504 184 1563 licet
196 1519 293 1560 unum
305 1519 347 1558 ex
359 1510 499 1581 quattuor
513 1500 770 1561 illis-carminibus
790 1516 866 1579 quae
882 1503 926 1558 10.
943 1502 1064 1562 Camers
1079 1502 1206 1581 addlffit,

112 1623 203 1663 nemo
216 1604 295 1661 alius
308 1599 468 1679 haetenus,
490 1621 584 1686 quarm
602 1604 726 1684 plurimi
737 1603 771 1660 in
783 1598 970 1662 conferendis
983 1604 1140 1665 Claudiani
1154 1627 1208 1666 eo-

113 1706 231 1768 ditibus
251 1706 429 1780 laborarint,
451 1706 484 1763 in
501 1707 618 1786 scriptis
634 1705 719 1763 libris
733 1705 863 1778 invenit3
884 1721 919 1761 ac
938 1722 1011 1762 sane
1028 1704 1093 1764 fieri
1110 1720 1210 1787 puteat

114 1820 150 1870 nt
159 1811 281 1870 Camers
292 1828 354 1867 non
369 1806 478 1868 codicis
495 1811 668 1869 auctoritate
682 1805 737 1868 sed
752 1809 935 1882 coniectura,
955 1818 1078 1887 propter
1089 1828 1210 1870 cannen

115 1910 277 1988 rumne,
302 1906 382 1991 quod
401 1908 559 1971 Claudiani
577 1931 641 1971 esse
659 1908 834 1985 crediderit,
855 1919 956 1969 motus
968 1911 1015 1968 ilii
1029 1908 1211 1974 adscriberet

117 2033 194 2096 quae
209 2033 281 2073 erun
293 2022 444 2072 auctorem
456 2011 568 2074 hebere
578 2025 741 2098 nequeunt.
772 2012 924 2071 Fabricius
937 2012 1122 2074 luculentum
1134 2015 1213 2076 illud

117 2136 239 2177 carmen
253 2137 271 2175 a
284 2116 421 2176 Gamerte'
438 2115 552 2178 editum
566 2138 641 2194 esse,
659 2115 787 2176 editores
802 2113 959 2174 Claudiani
972 2115 1070 2175 cuncti
1083 2116 1126 2195 id,
1143 2139 1214 2179 oum

117 2217 363 2300 non-spernenda
374 2218 509 2281 lectionis
522 2224 682 2299 varietata,
706 2217 788 2302 apud
801 2219 970 2278 Fabricium
987 2220 1133 2297 inveniri,
1155 2240 1214 2301 pa·

119 2325 191 2383 riter
208 2326 430 2402 ignoraranmt.

204 2420 301 2485 Huius
321 2427 413 2504 igitur
431 2437 496 2486 tam
515 2430 667 2489 manifesti
681 2449 716 2489 ac
728 2448 791 2489 non
804 2430 934 2511 suspecti
946 2429 1109 2491 testimonii
1123 2424 1216 2487 fidem

119 2528 359 2590 cavillationibus
382 2530 499 2590 elevare
516 2532 594 2591 velle
617 2534 682 2592 viro
704 2534 787 2612 gravi
805 2531 965 2612 indignum
979 2533 1074 2592 foret:
1094 2532 1167 2590 narn
1180 2542 1216 2590 ut

119 2634 219 2693 inesse
236 2631 361 2690 carmini
374 2650 450 2712 quae
463 2652 571 2711 perum
586 2632 785 2693 orthodoxam
798 2638 970 2715 opinionem
979 2634 1123 2716 prodant,
1139 2636 1216 2695 Ges·

120 2752 194 2794 nero
218 2731 430 2809 concedamus,
458 2733 611 2793 ethnicum
634 2734 819 2797 Christianae
840 2739 993 2819 religionis
1013 2740 1155 2818 mysteria
1174 2739 1217 2794 ita

123 2842 428 2911 adrumentinam,
445 2854 522 2916 quae
536 2835 653 2894 Barthii
665 2841 766 2916 opinio
781 2851 826 2898 est
841 2839 938 2919 (Adr.
954 2845 969 2903 1
987 2845 1043 2917 7),
1061 2856 1218 2916 nunquam

113 2941 210 3001 ¹nobis
229 2934 402 3019 persuaderi
416 2938 560 2997 sinemus.
603 2940 723 3018 Itaque,
745 2937 825 3020 quod
839 2960 934 2998 anum
948 2950 1098 3019 superest,
1119 2938 1218 2997 fatea-

122 3062 207 3119 mn,
234 3059 418 3124 quamquam
437 3024 500 3099 non
518 3042 582 3099 sine
603 3049 740 3118 stupore,
769 3038 962 3099 statuendmn
982 3061 1048 3100 esse
1068 3043 1218 3101 exstitisse

122 3146 181 3205 snb
200 3148 304 3204 Leone
322 3163 433 3223 magno
452 3142 590 3222 pontifice
610 3139 810 3217 Christianos,
833 3143 885 3222 qui
903 3162 997 3223 quum
1011 3144 1049 3202 ab
1063 3146 1218 3224 impietate

124 3248 216 3329 longe
244 3248 399 3321 abessent,
425 3243 621 3304 nibilominus
642 3242 791 3326 quaedem
812 3262 851 3301 ex
867 3244 928 3302 illis
948 3248 1121 3308 criminibus
1142 3268 1219 3330 quae

126 3353 254 3408 maiorer
273 3352 306 3407 in
325 3348 417 3408 fidem
437 3345 637 3409 Christianam
663 3347 793 3406 conferri
817 3346 1050 3427 indignabantur
1066 3370 1121 3430 pro
1140 3353 1220 3410 veris

125 3450 333 3527 admitterent3
356 3462 445 3533 atque
458 3453 612 3509 ineorum
625 3468 751 3509 numero
768 3469 833 3509 esse
849 3451 1075 3512 Merobaudem.

211 3556 339 3615 Carmen
358 3550 440 3635 quod
458 3554 537 3610 inter
559 3571 649 3630 opere
670 3548 828 3611 claudiani
850 3554 979 3612 relatum
993 3557 1084 3635 vulgo
1099 3554 1223 3615 obvium

29 3668 56 3722 P·
72 3648 112 3705 ΧῙ
128 3666 191 3733 est,
206 3655 317 3716 addere
330 3675 392 3713 non
404 3655 535 3735 placuit:
558 3673 610 3745 eos
623 3674 695 3714 vero
709 3656 817 3736 quibus
832 3654 1008 3737 adscriptos
1023 3656 1140 3717 codices
1155 3654 1222 3716 adi-

128 3771 177 3821 tus
197 3770 296 3840 patet,
319 3775 390 3837 rogo
407 3755 567 3838 hortorque
583 3767 617 3815 ut
632 3769 774 3839 quattuor
786 3760 840 3818 illa
856 3763 988 3819 cannina
1001 3778 1078 3841 quae
1093 3756 1223 3817 Camerti

130 3861 276 3922 debentur
304 3859 431 3920 sollicite
462 3870 622 3940 quaerant3
659 3881 700 3920 ex
725 3863 833 3945 quibus
862 3860 990 3922 dnticha
1010 3860 1050 3921 de
1070 3861 1223 3920 miraculis

47 3994 49 3997 v
130 3963 242 4024 Christi
255 3965 367 4043 pariter
380 3959 598 4021 Merobaudem
605 3974 743 4024 nostr-run
756 3976 908 4024 auctorem
923 3963 1035 4025 bebere
1048 3963 1137 4025 raldo
1151 3982 1224 4043 pro-

10 4030 12 4111 l
131 4068 231 4127 babile
250 4077 306 4127 est.
346 4067 409 4125 imo
431 4062 517 4124 idem
536 4063 573 4124 de
593 4070 725 4127 caroniae
742 4065 883 4127 Pascholi
892 4070 1041 4150 smpioor:
1061 4076 1092 4127 at
1105 4082 1224 4125 carmen

131 4168 172 4259 de
187 4173 315 4234 Herotdc
327 4192 451 4255 prorsus
464 4169 616 4233 direnrun
629 4166 761 4233 colorem
774 4168 876 4231 babet.
