2750 4625
339 345 341 352 ’
409 339 569 407 IUSTINI
588 341 770 409 nunonls
789 342 868 409 LIB.
887 342 948 412 lv.
1154 345 1229 417 207

210 504 278 583 plus
292 503 457 584 exaltatus,
478 507 547 586 plus
564 506 740 567 iustificatns
754 510 785 567 in
799 509 876 590 ipso,

126 606 189 670 820
209 603 289 686 qnod
301 627 334 664 se
347 602 510 682 humilem,
531 620 613 668 stans
626 622 695 668 aute
710 609 816 684 deum,
837 626 1000 690 veramque
1012 611 1131 692 fatente,

210 725 303 785 qrrarn
316 710 424 767 retinet
437 713 566 788 pietate,
588 710 691 772 fidem.
734 732 804 771 cum
818 709 917 790 diligit
932 713 1007 790 ipse,

209 803 361 886 diligitur:
384 830 454 868 crnu
469 808 604 872 Christus
617 825 698 873 ornat
715 833 770 873 rex
783 832 927 891 magnus,
949 824 1084 892 atuotur5

208 909 274 988 ipse
290 914 367 988 regit
379 931 480 990 reges,
502 915 567 993 ipse
580 925 610 973 et
625 934 688 974 non
702 912 840 975 subditur
856 914 924 972 uili.

209 1013 339 1070 laustinus
352 1016 490 1093 princeps
505 1012 563 1074 hoc
575 1025 741 1094 protectore
754 1019 873 1098 quietus

94 1165 98 1174 ,
123 1110 186 1176 825
206 1113 350 1192 imperat,
376 1112 457 1173 hunc
470 1119 570 1196 ipsum
584 1118 683 1177 solnm
695 1139 748 1198 spe
763 1130 861 1177 certus
875 1113 989 1176 adoret.

250 1217 290 1272 Ut
301 1217 370 1293 pius
386 1219 515 1297 expletis
525 1221 708 1299 templorum
718 1221 825 1278 limina
840 1222 917 1278 rotis

207 1315 312 1395 liquit,
333 1320 365 1375 io
381 1321 535 1397 ingentem
548 1321 704 1400 spectandi
717 1322 847 1381 consulis
862 1339 960 1378 arcem

208 1419 382 1480 conscendit
397 1421 551 1501 gaudens,
573 1435 602 1483 et
618 1434 720 1504 septus
734 1425 848 1482 lumine
865 1419 953 1480 sedit.

208 1531 276 1579 ante
292 1521 386 1601 pedes
401 1521 532 1600 domini,
554 1525 668 1584 faciunt
681 1528 734 1607 qni
745 1528 843 1600 iussa,
868 1522 992 1581 clientes

120 1623 185 1686 830
206 1620 364 1682 adstabant
376 1626 465 1700 laeti;
487 1627 632 1707 vultuque
649 1637 679 1686 et
696 1638 778 1686 reste
794 1625 929 1684 nitebant

205 1727 334 1785 Romani
346 1729 452 1806 populi
465 1738 565 1806 patres
578 1731 643 1786 sine
658 1732 773 1787 semine
786 1729 869 1787 facti.

204 1832 346 1906 patricius
360 1832 444 1888 senio
457 1831 578 1907 fulgens
592 1830 741 1888 Colinicns
757 1828 881 1902 honoro,

205 1933 258 2012 qui
271 1942 357 2010 pater
369 1933 489 2009 imperii
501 1932 611 1989 meruit
623 1932 684 1988 iam
697 1933 794 1990 factus
806 1929 911 1989 haberi

203 2036 331 2110 gratior,
353 2034 484 2111 Augusti
495 2051 617 2092 servans
628 2035 678 2111 pia
691 2011 765 2111 gaze
777 2032 898 2091 sacelli:
956 2095 960 2102 ⁴

120 2134 181 2198 335
203 2155 334 2216 namque
346 2136 393 2192 iili
406 2137 536 2194 moriens
548 2154 623 2193 mox
635 2138 817 2194 lastinianus
831 2132 960 2191 honores

204 2239 384 2311 contulerat,
407 2234 545 2317 fidaeque
558 2240 641 2316 prius
654 2245 826 2294 narraverat
839 2235 904 2291 auri

203 2341 320 2400 consilii
334 2351 447 2399 secreta
464 2342 523 2399 sui.
561 2331 694 2397 “vocor''
712 2338 828 2417 inquit,
847 2316 1011 2411 “alumnas

202 2455 234 2503 et
245 2453 384 2523 properat
397 2460 537 2520 suprema
553 2437 635 2515 dies,
656 2420 800 2518 iussuque
818 2441 945 2495 creantis

180 2543 184 2552 ’
204 2567 221 2605 a
235 2549 333 2625 regnis
345 2547 378 2602 in
391 2563 483 2621 regna
499 2541 603 2601 vehor.
646 2539 721 2600 deus
736 2559 825 2599 omne
838 2541 981 2596 Latinium

116 2646 180 2714 840
200 2650 314 2706 Iustino
327 2645 410 2705 dedit
422 2646 599 2725 imperinm:
621 2653 671 2718 tu,
692 2639 767 2716 fide,
789 2648 942 2698 memento

199 2750 358 2809 verborum
372 2768 449 2830 quse
463 2744 575 2805 mando
590 2745 656 2804 tibi.
701 2763 772 2801 cnm
787 2761 876 2800 carna
892 2741 994 2798 relicto

200 2852 321 2932 spiritus
337 2849 500 2910 ascendens
513 2849 625 2908 cleram
642 2846 841 2926 penetraverit
853 2861 962 2917 arcem,

199 2954 233 3010 in
246 2949 346 3012 medio
359 2972 517 3033 procerum
531 2951 638 3008 Instini
650 2946 689 3007 ad
703 2948 809 3005 limina
822 2960 932 3022 perge:

198 3056 322 3114 invitato
339 3056 454 3129 virum,
478 3052 555 3111 nolit
568 3053 639 3110 licet
653 3049 707 3107 iile
723 3048 833 3106 subire.

115 3156 177 3224 845
198 3168 276 3216 sorte
289 3176 357 3214 mea
370 3157 461 3214 tristis
476 3164 599 3213 renuet:
628 3153 791 3210 consentiet
805 3148 903 3207 istinc.

198 3280 237 3317 ne
251 3257 386 3319 dubitare
402 3259 492 3332 velis,
513 3257 616 3314 nullus
630 3263 819 3313 contemnere
833 3248 927 3327 possit

198 3362 339 3421 terribilis
351 3371 508 3439 praecepta
524 3357 584 3417 dei.
628 3346 785 3435 cognoscet
798 3361 943 3422 amantes,

197 3483 273 3545 quos
284 3459 360 3520 fidos
373 3460 482 3520 habuis
504 3459 580 3518 mihi
595 3461 648 3539 qui
661 3475 808 3529 nocuere,
828 3472 937 3511 nocere

196 3570 256 3646 ipsi
268 3567 359 3624 etiam
371 3563 450 3621 iacto
464 3562 557 3620 simili
568 3569 682 3618 tentare
694 3557 851 3636 parebunt,

111 3672 175 3738 ⁸50
195 3680 229 3727 ut
241 3677 364 3747 pereant
376 3667 529 3746 iustasque
543 3680 597 3720 suo
612 3658 684 3717 dent
696 3660 841 3737 sangnine
855 3673 979 3734 poenas.

195 3768 251 3831 sed
264 3772 360 3850 pietas
373 3771 508 3847 Augusta
522 3765 617 3822 maios
634 3762 758 3838 castigat
770 3759 908 3817 alumnos

197 3872 313 3930 consilii
329 3872 461 3930 bonitate
474 3871 536 3945 sui,
559 3866 631 3924 dum
643 3862 768 3945 perdere
781 3881 843 3919 non
856 3859 921 3917 ruit

196 3972 364 4038 subiectum
377 3975 435 4032 sibi
447 3967 591 4053 quicquid
603 3969 676 4027 erit:
703 3965 746 4025 sic
758 3963 845 4043 punit
858 3962 979 4041 iniquas

197 4093 369 4132 cernereras
381 4077 514 4149 enisurus,
536 4082 571 4131 nt
581 4072 686 4129 mortis
696 4084 796 4147 poena

108 4176 173 4242 355
194 4195 256 4233 non
272 4186 408 4252 maneat,
430 4177 606 4256 breviusque
621 4173 717 4231 luent.
760 4164 893 4225 cruciant

194 4280 389 4357 praeteritura
405 4281 469 4359 pati
484 4280 556 4339 satis
569 4285 630 4337 est:
654 4282 774 4334 aeterna
786 4266 959 4327 tremiscant

157 4385 260 4443 nun.
279 4394 305 4441 o
326 4386 388 4440 cn.
961 4359 1001 4421 18
