2750 4625
455 291 515 361 DE
538 290 746 363 saunlnus
770 292 930 364 wst'tltl
1165 300 1241 375 1113

142 456 1242 546 admemmusomuebreeuntmdo,rmaetceaeetunuteusstdo

143 551 225 609 meis.
268 549 396 610 Bsarn.

229 649 280 716 16.
322 651 380 711 etsi
401 656 470 731 post
493 645 749 729 praelocutionem
771 657 802 711 et
825 647 1044 712 invocationem
1062 658 1169 734 poetae
1187 654 1240 715 iu-

143 755 264 817 gressus
273 732 364 796 huius
375 736 474 817 operis
485 734 586 797 nescio
602 732 675 818 quid
687 736 721 796 in
734 754 767 796 se
780 744 957 796 extraneum
966 737 1117 819 planeque
1127 759 1242 801 uorum

141 820 254 881 habere
269 818 422 897 uideatur,
443 816 580 902 mihique
594 823 653 903 ipsi
664 822 784 902 saepius
799 822 1000 901 suspicionem
1014 819 1083 883 ideo
1103 825 1243 886 iniecerit
1313 848 1316 857 ⁴

141 927 182 966 ne
203 904 340 966 hocloco
356 905 451 986 aliqui
464 925 568 967 versus
583 908 745 968 anteriores
756 907 891 966 fortassis
907 904 1062 985 deessent,
1091 909 1176 969 nulla
1189 918 1243 969 ta-

141 1012 214 1051 men
227 992 350 1052 omuino
362 987 487 1050 huiusce
501 992 546 1051 rei
557 993 685 1073 vestigia
700 994 734 1051 in
748 1011 797 1051 ms
811 992 977 1071 exemplari
994 1005 1148 1073 apparent,
1164 996 1242 1077 quin

142 1079 206 1136 imo
223 1079 325 1135 omnin
338 1072 452 1135 ibidem
463 1079 615 1157 superiora
632 1097 702 1138 cum
717 1077 966 1159 subsequentibus
984 1080 1171 1139 continenter
1186 1099 1240 1140 co-

142 1159 279 1221 haerent.
321 1180 409 1242 porro
424 1158 476 1221 hio
490 1163 546 1222 sub
561 1165 684 1223 nomine
698 1162 825 1237 domiti,
841 1164 903 1223 nisi
916 1163 979 1222 iam
993 1160 1032 1223 ad
1045 1164 1239 1225 Anastasimn

142 1248 176 1305 in
188 1246 327 1325 proximo
345 1266 435 1307 versu
452 1246 644 1310 referendum
657 1249 713 1325 sit,
733 1250 836 1328 ipsum
848 1249 997 1308 Iustinum
1008 1244 1183 1326 Gaesarem,
1203 1259 1240 1310 ut

142 1331 219 1391 alias
231 1333 346 1412 passim
360 1334 393 1390 in
405 1328 465 1392 hoc
479 1340 634 1413 poemate,
663 1344 716 1394 aut
730 1335 863 1416 aliquem
874 1334 1009 1394 fortassis
1024 1334 1120 1413 alium
1137 1336 1190 1417 qui
1208 1343 1240 1394 et

142 1418 186 1475 ita
198 1426 370 1496 vocaretur,
398 1418 567 1501 intelligere
581 1420 745 1500 corippum
757 1419 884 1479 arbitror
897 1420 976 1478 inter
990 1420 1085 1500 ipsius
1099 1420 1240 1479 carminis

142 1497 359 1562 exhortatores.
380 1504 474 1564 Rurz.
515 1502 595 1565 nihil
611 1506 720 1565 certius
734 1523 826 1587 quam
836 1502 899 1585 legi
912 1513 1048 1584 oportere
1063 1522 1172 1565 ansam
1183 1502 1240 1562 do·

142 1588 250 1647 mimo.
296 1584 411 1647 domini
425 1599 496 1649 sunt
510 1591 643 1650 Iustinus
665 1600 696 1650 et
709 1584 840 1669 Sophia,
871 1607 998 1671 quorum
1017 1608 1122 1649 amans
1144 1607 1240 1671 qnae-

141 1682 205 1732 stor
219 1670 259 1731 ad
273 1671 396 1733 eoadem
408 1674 452 1733 ire
467 1675 631 1755 compellit.
652 1676 697 1735 siu
709 1675 788 1734 infra
801 1694 832 1734 v.
844 1677 887 1738 22
899 1684 930 1732 et
943 1676 995 1738 82·
1014 1675 1140 1735 Baunn.
1161 1675 1242 1734 liui-

140 1758 208 1816 zius
229 1755 325 1817 edidit
343 1756 501 1834 domanam
529 1769 560 1819 et
580 1757 689 1820 dubius
711 1755 816 1818 haeret
838 1777 877 1817 an
896 1760 936 1818 sit
955 1760 1086 1819 lustinus
1107 1778 1240 1819 unsrerc

141 1844 329 1901 Anastasius.
371 1845 488 1903 restitui
504 1843 652 1917 ᾰοιιίιιοε,
681 1844 836 1904 [manunt
843 1843 1017 1922 intelligens
1032 1844 1142 1904 eteius
1156 1863 1239 1903 uxo·

142 1946 208 1986 rem
225 1926 382 2008 Seplasiam.
426 1926 515 2008 porro
528 1931 601 1989 scite
615 1931 761 2009 Corippus
775 1930 870 1988 amori
878 1930 1028 1988 Anastmii
1041 1930 1075 1988 in
1086 1930 1237 2009 principes

141 2011 256 2088 tribuit,
278 2011 361 2094 quod
371 2014 432 2091 ipsi
448 2023 550 2074 auctor
561 2016 653 2074 fuerit
664 2025 700 2075 ut
712 2015 820 2074 lustini
833 2010 939 2072 laudes
951 2013 1083 2071 curmine
1099 2014 1237 2072 celebra-

140 2106 204 2173 ret3
225 2107 256 2156 et
276 2100 320 2157 sic
336 2099 369 2155 iu
380 2099 494 2178 Paneg·
509 2103 548 2164 st
572 2099 611 2159 de
622 2101 781 2160 Anastasio
801 2098 860 2157 ait:
882 2116 969 2177 queem
986 2095 1097 2157 Ohru'ati
1115 2116 1236 2157 munm

132 2181 238 2258 fidum
249 2183 389 2265 cognovit
401 2185 556 2263 princepe.
599 2186 701 2245 Fusa.

227 2302 280 2367 16.
293 2321 500 2383 parnnragm
513 2320 554 2363 ex
568 2301 623 2364 illo
635 2300 768 2366 Maronis
779 2308 843 2364 est:
857 2307 887 2362 et
899 2320 1236 2384 quorumpanmagnc

132 2385 202 2467 sui.
244 2384 371 2450 Bura.

75 2563 82 2575 .
231 2491 281 2554 17.
324 2489 498 2568 composz‘tor
517 2508 635 2549 nsomm
652 2509 806 2551 censorem
824 2486 971 2571 designat.
1013 2488 1087 2549 iuris
1099 2488 1237 2549 mercios

143 2568 227 2632 haud
241 2570 331 2634 dubie
342 2593 385 2634 ax
398 2574 564 2635 recentium
574 2585 641 2636 tum
653 2596 671 2635 s
685 2578 897 2656 compositione
907 2571 1127 2636 pandectarum
1137 2575 1237 2654 primo

144 2657 231 2719 titulo
252 2656 430 2719 derivatum.
470 2661 563 2721 rerba
584 2662 724 2722 omnibus
741 2663 775 2721 in
791 2670 933 2742 promptu
948 2658 1116 2720 adscribere
1130 2678 1237 2739 super-

140 2742 266 2804 sedebu
308 2764 362 2804 cur
377 2764 449 2805 vero
469 2742 575 2806 deesse
594 2745 710 2828 aliquid
724 2757 843 2828 putaret
858 2746 1033 2826 Assagrius,
1055 2746 1109 2826 qui
1121 2762 1239 2803 morem

142 2828 293 2889 inferioris
307 2830 374 2889 aevi
385 2835 543 2909 poetarum
553 2834 685 2912 penitius
700 2841 890 2913 perspectum
902 2851 964 2890 non
978 2827 1124 2907 habebat,
1147 2847 1237 2888 causa

141 2931 205 2974 non
221 2924 295 2974 erat.
337 2918 392 2997 qni
406 2934 476 2974 curn
488 2914 528 2976 ad
540 2913 599 2976 hoc
611 2920 800 2996 prooemium
813 2918 1007 2976 Dracontium
1024 2925 1055 2975 et
1066 2916 1238 2996 Eugenium

142 3017 163 3056 a
180 3019 214 3058 se
232 2998 328 3060 editos
349 3012 512 3077 memorat,
547 3003 621 3061 iacit
635 3005 795 3083 insiguiter
808 3022 864 3062 nos
889 3001 991 3062 dolere
1009 3001 1106 3060 fatum
1127 2998 1238 3058 horum

142 3082 294 3161 locorum,
319 3082 449 3168 adquae
465 3086 503 3145 ab
519 3089 665 3168 Hispania
680 3090 751 3148 libri
766 3088 845 3148 nulli
859 3088 924 3146 fere
936 3086 1070 3147 veniunt.
1110 3085 1237 3142 Barrus.

142 3178 215 3228 nota
234 3171 337 3229 titulos
357 3173 509 3232 Anastasii
532 3175 697 3255 quaestoris
715 3175 857 3237 turtinis
871 3174 945 3252 imp.
954 3214 964 3249 ,
993 3171 1078 3228 cuius
1096 3166 1238 3228 laudibus

142 3271 264 3313 carmen
277 3254 458 3334 praecedens
471 3256 604 3317 dicatum
614 3259 683 3318 fuit.
716 3260 761 3319 sic
779 3258 917 3319 laeuone
927 3253 1093 3315 amwdctea
1105 3254 1238 3331 impera·

140 3348 219 3397 sores
241 3339 358 3399 sulumt
375 3340 575 3421 Symmachus
593 3347 632 3407 10
656 3363 706 3423 ep.
721 3341 772 3410 61.
814 3343 858 3402 sic
881 3350 911 3400 et
926 3341 1072 3419 Ulpianus
1090 3339 1238 3398 iuriscon-

142 3425 238 3485 sultos
248 3424 414 3485 morderes
425 3427 557 3486 uocem
572 3430 694 3488 vocati.
711 3429 783 3492 11).
801 3424 839 3486 de
857 3427 928 3486 iust.
942 3435 973 3484 et
987 3426 1046 3483 iur.
1086 3426 1130 3484 sic
1142 3423 1237 3496 Quin·

142 3511 265 3571 tilianus
281 3515 320 3576 11
336 3512 355 3574 1
370 3510 509 3573 Serrium
516 3512 680 3592 Sulpitium
691 3515 767 3572 iuris
777 3512 940 3572 annualem
950 3510 1103 3592 appellat3
1121 3518 1152 3568 et
1163 3506 1237 3569 (iel-

142 3595 202 3656 lius
220 3600 259 3663 13
276 3594 452 3660 lucem.
495 3599 590 3658 Rern.

230 3698 278 3760 18.
319 3694 372 3757 hio
392 3706 438 3757 est
457 3697 510 3757 ille
529 3697 659 3760 thomae
678 3717 774 3780 agnes
795 3700 831 3759 s‘n
848 3697 937 3761 rebus
955 3717 975 3756 a
986 3694 1102 3756 Iustino
1119 3692 1237 3754 seniore

142 3775 409 3863 adinquirendum
421 3794 522 3844 contra
533 3782 699 3847 haereticos
712 3787 839 3845 missus:
859 3785 957 3865 liquet
968 3775 1237 3860 nomenmod-

142 3877 201 3925 act.
214 3869 246 3930 7.
289 3867 400 3929 deinde
412 3881 586 3949 erquaeauor
596 3872 679 3929 aceri
685 3870 801 3949 polani
813 3870 869 3930 sub
883 3869 1065 3941 Iustiniana,
1085 3883 1163 3924 unus
1178 3862 1237 3921 fuit

144 3972 161 4007 e
178 3949 354 4015 decemviris
371 3952 468 4015 codici
488 3955 697 4037 compilando,
727 3975 767 4016 ex
781 3956 998 4016 Constitutione
1018 3950 1056 4010 de
1075 3968 1147 4008 nor.
1169 3943 1238 4005 cod.

144 4034 220 4111 iac,
241 4048 272 4095 et
285 4039 411 4100 fortasse
422 4038 507 4099 idem
521 4052 567 4101 eat
579 4043 664 4102 cuius
675 4043 815 4101 meminit
828 4037 1036 4100 Christodorus
1046 4039 1135 4115 poeta
1150 4028 1238 4092 Tho-

50 4180 54 4190 ,
80 4134 83 4142 ’
145 4120 240 4180 baum
254 4123 358 4203 cupita
370 4126 423 4185 lib.
437 4127 459 4191 6
474 4124 638 4207 Autholog.
651 4146 725 4186 narn
738 4123 901 4207 epigraphe
915 4125 984 4184 talis
997 4131 1043 4181 est
1053 4117 1238 4198 wigerii&

144 4204 190 4278 εἰς
202 4198 401 4272 'Acerrime
414 4211 510 4289 Θωμᾶ
525 4212 686 4294 csurprcloc
700 4211 752 4275 stol
767 4209 931 4294 loyodircn
944 4209 1001 4271 rori
1013 4197 1141 4286 δρόμον·
1180 4200 1240 4262 full

144 4310 227 4372 ergo,
250 4301 283 4353 ut
296 4304 430 4376 apparet,
451 4292 502 4354 hic
515 4297 691 4357 Αιιιιιιὶιιι
706 4296 773 4380 (oui
782 4306 879 4356 erecta
892 4297 925 4353 in
939 4294 1017 4352 circo
1029 4289 1116 4369 cpoli
1128 4283 1239 4365 uana)
