2750 4625
440 259 498 327 DE
522 256 730 328 tattoloos
756 255 926 327 lusam
1158 259 1233 333 379

131 430 213 508 facit,
234 437 269 491 ut
280 437 344 488 tota
357 424 436 486 haec
448 427 544 487 oratio
559 445 595 486 eo
608 427 683 487 ritio
703 435 748 486 eat
762 422 904 486 (linteata.
947 420 1071 487 redhoc
1090 427 1157 487 aevi
1174 449 1232 508 po-

130 521 191 577 tiua
206 535 299 598 quam
312 513 435 592 corippi
449 522 504 571 eat.
546 513 612 591 pari
626 513 753 571 laxitate
765 510 912 590 disiungit
926 513 1033 571 lurtini
1045 511 1085 570 ad
1096 516 1231 575 avam

130 604 246 683 legatos
261 599 455 682 sequentibus
467 598 570 674 libris,
592 616 671 678 quae
683 599 797 679 alioqui
812 608 842 656 et
856 599 929 657 oatir
943 607 1048 677 arguta
1061 609 1091 657 et
1101 618 1164 659 non
1179 602 1231 661 iu-

130 687 241 749 ‹liaerta
254 695 310 747 ert.
352 687 477 745 Baarn.
701 754 706 761 ,

217 775 288 837 196.
331 770 414 849 quod
416 770 475 848 far
488 778 532 827 eat
544 767 650 827 dooere.
695 769 811 828 malum
825 777 1012 833 omenlcaret
1024 769 1160 828 cautione
1173 768 1231 831 hac

129 857 243 931 addita,
265 854 347 938 quod
359 865 475 915 veteres
490 864 606 913 nostroe
620 854 752 915 colenter
767 848 951 915 feciaae'uua
965 874 1039 913 rooe
1052 855 1231 932 praefiscini

130 944 270 1005 omnibus
284 945 347 999 iam
359 950 465 1001 notum
479 959 545 999 erae
560 942 712 999 existimo.
755 943 865 1000 ominis
882 960 954 1000 vero
967 960 1028 1000 non
1042 939 1115 998 boni
1128 944 1229 1021 surpi-

129 1034 177 1089 oio
197 1031 230 1087 in
252 1047 287 1086 eo
306 1036 352 1086 eat
368 1023 452 1106 quod
466 1028 509 1083 ait
524 1028 719 1103 compositum
732 1044 792 1084 aere
809 1029 981 1105 imperium.
1023 1036 1130 1084 natura
1147 1030 1229 1087 enim

129 1113 206 1173 duce
228 1110 337 1172 dicitur
357 1131 479 1171 omnem
500 1113 747 1190 compositionem
766 1113 981 1171 resolutionem
995 1131 1179 1191 praeponere
1199 1123 1230 1172 et

127 1210 274 1259 metuere.
316 1201 487 1256 Romanum
501 1206 604 1255 autem
614 1199 777 1276 imperium
790 1207 935 1276 perpetuo
953 1200 1131 1275 cognomine
1145 1199 1229 1257 velut
1336 1279 1337 1282 Ἴ

129 1295 304 1359 aeternum,
333 1284 371 1341 ab
386 1283 525 1342 omnibus
537 1285 603 1341 aevi
614 1283 698 1341 illino
712 1286 958 1362 superiotumque
972 1284 1165 1361 scriptoribus
1179 1280 1229 1340 di-

129 1382 230 1444 ctum,
251 1380 285 1428 ut
304 1370 389 1427 mille
412 1369 488 1428 locis
502 1366 641 1427 codicum
657 1371 834 1427 Iustinianei
850 1378 879 1427 et
892 1366 1099 1428 Theodoriani
1113 1368 1161 1426 vel
1175 1388 1229 1428 ao-

127 1458 228 1516 lorum
239 1455 357 1514 finnare
369 1455 451 1514 licet.
493 1464 592 1513 metuo
612 1455 714 1535 itaque
733 1464 796 1513 erat
818 1473 858 1512 ex
873 1448 1082 1533 superatitiolte
1094 1453 1226 1532 publica,

127 1562 167 1601 ne
188 1543 402 1620 compositione
428 1542 561 1619 partium
583 1549 749 1598 memorata
775 1538 930 1618 epitheton
949 1537 1028 1599 illud
1046 1548 1226 1618 perpetuum

126 1624 279 1686 mendacii
290 1627 414 1704 alligare
428 1625 531 1684 vellet.
574 1643 666 1704 quam
680 1634 784 1683 autem
797 1627 1001 1684 ominoaorum
1011 1624 1225 1683 vocabulorum

126 1710 203 1771 haec
217 1715 331 1786 cautio,
363 1713 456 1769 etiam
469 1710 547 1768 bene
561 1707 731 1769 Christiano
745 1729 839 1783 aevo,
859 1710 952 1768 fuerit
964 1710 1103 1787 religiose
1120 1710 1224 1769 obaer-

124 1809 204 1871 rata‚
226 1799 299 1856 alibi
315 1797 463 1875 exemplis
476 1813 494 1852 a
506 1795 595 1853 nobie
609 1806 724 1873 agento.
768 1795 805 1852 ab
819 1793 877 1853 hac
892 1797 1029 1853 cautione
1042 1814 1117 1855 mox
1131 1788 1223 1853 etiam

125 1881 228 1943 aubdit
244 1881 367 1941 aolidoti
385 1882 528 1959 corporis,
558 1890 658 1958 partes
673 1881 818 1937 nianirum
838 1883 872 1937 in
888 1899 986 1938 unum
1006 1876 1070 1938 iam
1091 1878 1223 1941 solidum

125 1971 310 2028 concrevisse
329 1977 505 2039 autumus,
532 1984 590 2022 nec
609 1962 804 2024 metuendam
818 1966 1010 2024 solutionem.
1054 1964 1222 2026 eruditissi-

124 2056 279 2121 muaolim
288 2055 402 2111 amicus
413 2061 516 2110 notter
528 2049 626 2109 colaia
638 2052 670 2109 oi
681 2047 846 2127 legendum
861 2058 971 2108 conset.
1014 2049 1101 2111 nobie
1115 2052 1222 2128 piacu-

122 2139 190 2198 lum
212 2141 246 2197 in
270 2140 436 2198 mutatione
460 2156 526 2205 erre
541 2132 679 2208 videtur,
708 2136 846 2214 quamvis
869 2136 911 2191 ita
932 2134 1073 2213 loquatur
1087 2136 1222 2193 Ennius:

124 2245 187 2281 rem
200 2234 337 2302 repetunt
347 2240 532 2302 regnumque
537 2230 661 2298 petunt,
674 2219 793 2277 vadunt
804 2218 904 2277 aolr'da
917 2219 959 2277 vi.
984 2216 1039 2276 red
1051 2216 1130 2279 illud
1143 2216 1222 2278 nihil

124 2306 165 2368 ad
177 2306 259 2369 huuc
269 2311 382 2369 locum.
422 2309 549 2366 Banna.
840 2306 857 2314 '

208 2396 280 2459 198.
324 2396 416 2452 etiam
437 2390 489 2450 hio
508 2389 632 2451 delicias
649 2391 930 2471 facitambignitate
942 2391 1073 2451 neminie
1090 2392 1220 2470 Sapim-

125 2482 198 2552 true,
219 2476 302 2558 quod
314 2488 345 2537 et
356 2479 511 2557 proprimu
526 2488 556 2536 et
569 2478 785 2558 appellativum
798 2486 854 2537 ert.
896 2479 992 2536 Rmr.

206 2567 280 2628 200.
321 2561 372 2622 bio
399 2566 491 2622 etiam
518 2565 617 2622 tineae
640 2561 803 2622 dictionem
821 2573 1007 2622 arronei-ant:
1035 2580 1092 2641 ego
1114 2563 1221 2642 putavi

122 2646 328 2728 reponendum
340 2649 409 2707 aede
420 2648 524 2708 ecdem
535 2669 608 2706 uno.
654 2649 711 2707 lul.
722 2651 835 2730 Hygin.
847 2651 968 2708 Antron.
984 2653 1082 2728 poet:
1101 2648 1220 2706 &ario-

115 2755 179 2813 peo
191 2733 295 2793 adem
310 2736 344 2792 in
355 2734 533 2814 reliquom
548 2733 696 2793 collocuta
709 2745 765 2806 ert,
780 2737 866 2793 cuuto
878 2734 979 2793 aedilis
993 2743 1022 2791 ot
1033 2734 1129 2811 moure
1146 2733 1221 2794 Cas-

120 2821 249 2899 aiopo'oe
257 2821 351 2899 pedes
357 2821 451 2899 potiti
460 2830 533 2878 aurit
544 2822 578 2878 in
587 2821 655 2898 praa
669 2819 778 2879 cuculi
790 2819 1043 2891 otmunducuom,
1058 2821 1113 2899 qui
1125 2820 1220 2876 croti·

121 2927 175 2964 care
188 2916 326 2979 vocatum
347 2906 400 2970 ubi
419 2903 525 2965 sedere
546 2909 579 2963 in
595 2906 774 2986 celiquuatro
793 2903 877 2964 idem
899 2914 945 2966 ert
965 2915 1055 2986 atque
1076 2905 1109 2962 in
1127 2902 1217 2963 aede:

121 3010 194 3050 nam
212 2992 424 3071 aelr'quoatnun
449 2989 543 3050 aedile
566 3000 612 3050 est
633 2992 723 3051 Festo
747 3001 777 3050 et
795 2993 922 3051 Varroni
941 2989 963 3053 4
984 2989 1022 3048 de
1047 2989 1123 3067 ling.
1148 2991 1216 3046 Lat.

120 3077 262 3136 Demean.
305 3080 440 3136 maxime
455 3095 586 3155 oongrua
599 3087 644 3136 eat
657 3079 826 3136 coniectura
836 3077 971 3155 Anagrii
984 3076 1127 3154 legentis:
1149 3073 1217 3131 aede

120 3160 225 3219 aedem
241 3183 314 3220 nna.
358 3161 441 3223 idem
452 3173 655 3222 commentum
668 3163 727 3222 ribi
740 3172 770 3222 et
781 3165 976 3242 Demprterua
990 3156 1123 3220 vindicat
1137 3176 1214 3236 gau-

121 3244 227 3306 demus
242 3244 280 3305 de
294 3267 439 3307 concursu
449 3250 501 3307 rel
514 3249 702 3307 concinentia
713 3250 813 3328 potius
824 3247 1014 3306 iudiciorum.
1037 3247 1163 3304 oman.

202 3336 277 3397 201.
319 3329 379 3391 huc
396 3333 460 3392 fere
477 3336 627 3412 pertinent
647 3334 740 3393 verba
756 3331 878 3393 Arcadii
900 3341 931 3390 et
950 3331 1075 3391 Houorii
1094 3331 1128 3388 in
1147 3330 1170 3388 1.
1192 3330 1214 3396 6

118 3418 214 3498 prino.
232 3415 306 3477 (iod.
325 3415 364 3476 ad
386 3419 447 3498 leg.
467 3420 525 3477 lul.
546 3421 683 3478 Maiam:
704 3429 876 3478 aenatorum
889 3419 992 3476 etiam
1014 3435 1088 3474 nom
1107 3425 1137 3472 et
1154 3416 1215 3493 ipat

113 3524 191 3582 poro
207 3505 337 3583 corporis
351 3506 445 3562 noatrc'
455 3514 536 3562 aunt.
583 3514 613 3562 et
624 3501 683 3564 hoc
695 3523 826 3585 quoque,
847 3505 894 3562 uti
906 3503 966 3561 alia
979 3503 1076 3581 plura,
1098 3520 1139 3560 ex
1153 3501 1213 3560 Go-

118 3590 204 3669 u'ppo
216 3592 350 3650 imitatur
365 3599 411 3649 ert
423 3586 569 3649 Gtmther.
581 3591 720 3667 Ligurini
735 3589 756 3653 5
768 3589 821 3654 48.
863 3590 985 3650 Vorox.

201 3678 274 3743 202.
317 3696 371 3736 voa
381 3674 523 3753 brochro]
546 3693 565 3732 a
578 3676 666 3734 rebus
678 3675 792 3735 scilicet
803 3677 895 3755 gestia
908 3684 960 3732 aut
974 3670 1124 3753 gerundia.
1168 3672 1213 3731 aio

117 3758 252 3818 darum
274 3763 446 3842 principum
478 3758 618 3820 dicuntur
646 3760 778 3820 ministri
802 3761 1061 3841 praertantioaimi.
1110 3767 1214 3818 auotor

117 3845 241 3924 Elegiae
257 3848 291 3904 in
305 3847 421 3907 obitum
434 3847 632 3906 Maecenatis:
653 3848 734 3926 regie
750 3865 816 3905 arao
826 3866 924 3926 genua
931 3846 1068 3916 Etnraei,
1089 3854 1124 3901 tu
1138 3842 1214 3900 Coe-

116 3933 195 3987 ean'a
207 3931 284 3988 olari
297 3933 431 4005 dautem
444 3933 604 3992 Romanoa
617 3942 651 3989 tu
663 3931 744 4012 vigil
754 3931 837 3990 urbia
851 3952 927 3991 erae.
972 3933 1015 3990 aio
1030 3926 1070 3988 ad
1083 3927 1215 4006 primum

117 4013 425 4096 OfficiormnAngliae
439 4015 844 4078 IohanneaSariobeaienrir:
863 4017 1040 4098 Auglonom
1049 4014 1130 4093 regis
1141 4010 1214 4069 dex-

116 4100 285 4173 terafimta
300 4101 378 4161 boni.
419 4116 527 4181 pertua
542 4124 612 4164 cum
626 4123 677 4162 eoa
691 4114 787 4179 vocat,
808 4105 872 4164 rim
886 4103 1077 4163 comitiorum
1091 4105 1212 4156 renatus

114 4185 275 4263 intelligit,
311 4186 435 4248 tracho
441 4232 455 4262 ‚
486 4192 577 4251 robur
599 4209 701 4251 rerum
722 4187 921 4269 gerendarum
943 4197 1033 4268 atque
1055 4183 1209 4242 bellicum.

112 4273 236 4332 Baetra.
