2750 4625
427 299 485 371 m
508 298 718 370 moolers
740 299 909 372 msrnu
1073 268 1076 275 ⁴
1139 303 1215 377 are

117 467 242 554 quidam
264 465 347 550 apud
360 464 492 528 eamdem
504 468 675 530 Vitruvium
689 466 711 535 6
727 471 770 534 12
791 477 871 529 rente
890 464 1003 530 habant
1021 466 1215 533 membranae

116 553 292 617 Philandrt:
321 564 353 615 at
368 574 431 615 non
443 555 518 615 satis
531 554 609 614 betta
627 555 682 615 ille
701 554 829 615 circula
841 557 993 636 exposuit.
1033 558 1216 617 aunarium

116 654 201 723 puto.
242 651 344 720 potest
360 652 391 702 et
407 638 493 700 idem
512 660 579 701 esse
595 642 759 701 terminum
777 638 975 701 salmariam
990 642 1025 701 in
1039 641 1216 721 fragmentis

116 729 232 788 Latinis
245 725 284 785 da
297 728 461 787 Terminis.
484 745 544 808 quo
558 726 624 786 loco
638 736 750 804 tamen,
771 745 842 787 cum
852 726 991 787 Termini
1004 725 1118 804 effigies
1130 746 1216 809 cym-
1229 754 1230 757 ¹

114 814 187 874 bam
203 813 322 888 referat,
344 812 479 891 suspicer
487 808 686 891 subcynrburn
699 809 873 892 legendum,
901 831 963 872 non
982 810 1119 872 obstante
1157 811 1218 873 uod

115 919 224 981 parum
238 900 347 957 Latina
361 905 414 954 aut
428 896 550 975 elegans
561 916 624 957 vox
635 899 685 974 sit,
707 897 918 973 satisfaciente,
940 894 1023 979 quod
1035 919 1153 979 τεχνικη
1166 900 1218 957 in-

115 986 263 1046 veniatur.
305 982 420 1041 faciunt
436 979 497 1040 huc
517 990 548 1041 et
566 982 682 1040 attineo
701 980 819 1065 lapides
839 981 879 1043 ad
892 978 1099 1044 sustinendam
1113 1003 1217 1043 anace-

116 1071 194 1129 riam
207 1067 386 1147 interpositi,
407 1067 445 1125 ab
460 1064 613 1127 attinendo
627 1065 710 1127 dicti.
732 1066 814 1127 unde
828 1071 943 1127 attium
955 1070 1103 1128 maceriae
1115 1066 1218 1149 lapide

115 1152 250 1235 lapidem
271 1155 436 1212 sustinente
456 1161 616 1233 congestae
621 1196 632 1231 ‚
655 1150 738 1235 apud
751 1154 889 1214 Siculum
901 1155 1052 1215 Flaccum.
1074 1156 1121 1215 Io.
1163 1154 1217 1214 de·

116 1243 211 1313 etism,
232 1236 358 1297 verbum
369 1237 474 1314 rarius,
494 1234 573 1296 nihil
590 1237 673 1299 aliud
688 1236 781 1320 qu'am
787 1238 931 1319 sulatum
945 1237 1102 1325 significat.
1146 1239 1216 1300 abs·

117 1344 176 1407 que
189 1324 351 1384 Braulione
365 1324 398 1405 in
411 1324 473 1383 vita
487 1321 596 1384 isidori
613 1334 647 1383 et
664 1335 863 1384 monstratore
877 1327 1001 1387 Perezio
1016 1326 1079 1385 iam
1092 1318 1144 1383 hic
1160 1344 1216 1404 pro

46 1438 48 1443 ⁴
115 1410 233 1471 deonna
250 1409 369 1468 dexteru
389 1408 556 1489 legeretur,
586 1408 731 1470 beneficio
747 1411 866 1489 ltuizii,
894 1412 948 1493 qui
967 1410 1073 1472 locum-
1092 1412 1215 1470 omnino

115 1496 260 1556 vitiomm
280 1515 346 1554 esse
361 1492 517 1570 credebat,
548 1494 582 1554 ut
594 1496 660 1574 ipse
671 1496 803 1575 ingenue
814 1496 935 1557 fatetur.
975 1495 1031 1557 sed
1042 1495 1214 1555 meminisse

116 1579 260 1645 debemus
274 1580 367 1639 etiam
379 1579 534 1640 Atlantem
552 1580 708 1640 tibicinem
723 1591 754 1641 et
771 1580 919 1641 destinam
933 1582 1009 1642 caeli
1025 1580 1215 1661 elegantissi-

115 1687 165 1727 me
179 1666 279 1726 vocari
298 1665 336 1724 ab
352 1665 484 1724 Arnobio
506 1660 623 1725 advers.
643 1677 727 1745 gent.
739 1670 772 1731 2.
814 1662 923 1726 horum
941 1669 1035 1748 igitur
1046 1667 1214 1725 imitatione

116 1763 147 1811 et
160 1753 246 1811 nobis
259 1750 376 1811 destino
394 1751 482 1830 regni
500 1752 632 1810 nutantis
650 1760 775 1811 venuste
789 1747 904 1811 dicetm
917 1754 965 1813 vel
979 1772 1036 1813 rex
1049 1752 1100 1811 vel
1115 1752 1215 1810 consi-

115 1838 219 1897 liarius
233 1839 344 1917 regius,
364 1838 419 1917 qui
435 1837 610 1895 auctoritate
625 1838 773 1917 sapientia
785 1838 909 1897 oonsilio
921 1858 956 1898 ac
968 1837 1075 1898 robore
1086 1856 1213 1916 regumn

114 1923 270 1982 labascens
285 1920 460 1982 statuminat
475 1921 562 1980 fulcit
575 1940 611 1980 ac
621 1930 784 1997 sustentat,
805 1941 844 1980 ne
859 1933 985 1983 corruat.
1005 1926 1101 1987 Rrrr.
1121 1942 1213 2003 prae-¹

114 2018 162 2068 ter
176 2006 370 2067 &salionem
384 2016 414 2065 et
428 2005 596 2065 Arnobium
619 2005 657 2065 ab
676 2008 747 2067 aliis
767 2007 871 2067 citatos
892 2010 987 2068 utitur
1006 2006 1214 2067 recedentem

113 2094 148 2154 S.
162 2093 338 2172 Fulgentius
353 2088 390 2150 de
405 2088 556 2170 coniugali
570 2087 701 2173 debito§
717 2093 755 2156 1:
778 2094 894 2170 parieti
908 2092 1054 2151 ἰηοίἰιιαίο
1070 2102 1100 2149 et
1112 2111 1213 2173 mace·

113 2178 178 2237 rice
188 2176 337 2257 nnpnlsae
349 2176 410 2235 nc'n
422 2176 554 2256 neglexit
566 2174 668 2235 doctor
681 2173 819 2257 egregins
829 2176 1038 2237 consolationi
1051 2174 1215 2247 daturum,

120 2262 325 2327 Clrnrc'ince
339 2261 490 2343 loquente,
512 2281 688 2340 supponere.
733 2262 833 2322 Focc.

197 2353 251 2415 21.
294 2348 443 2428 comnia]
476 2343 536 2406 hoc
558 2357 603 2406 est
622 2347 802 2426 sagacitate,
837 2339 1006 2428 punientia.
1049 2339 1213 2430 Sidonius:

114 2436 231 2514 stupuit
249 2433 361 2511 prinus
388 2453 421 2491 se
452 2429 589 2490 Parthen
616 2431 651 2490 r'n
676 2432 769 2490 annis
797 2431 956 2491 roncaliam
977 2452 1039 2491 non
1057 2433 1146 2513 sem
1166 2452 1215 2492 ae·

115 2523 174 2578 nir.
218 2517 370 2576 Arnobius
389 2519 427 2581 7:
456 2514 511 2574 ubi
528 2513 581 2574 boa
598 2515 713 2597 clr'queb
731 2517 835 2578 Iovem
852 2514 1033 2596 alloquitur,
1065 2539 1110 2577 on
1134 2517 1218 2598 quod

114 2600 235 2663 urrinral
248 2600 401 2672 vrleaum,
422 2620 477 2659 nee
489 2602 683 2660 rononiense
698 2601 818 2661 wnsrlrs
820 2604 991 2684 particeps,
1019 2604 1216 2683 quemadmo-

115 2685 190 2748 e‘lum
199 2688 402 2765 promertrunt
417 2687 470 2744 ian
488 2688 544 2766 qui
561 2706 592 2745 se
605 2685 739 2745 bortrines
751 2687 865 2748 dicunt.
907 2687 1052 2750 Aurelius
1067 2691 1167 2749 Victor
1180 2689 1214 2746 in

116 2772 287 2851 Originibus
303 2773 409 2830 Rom:
439 2781 526 2829 tanto
546 2792 643 2852 usque
664 2772 701 2832 id
718 2782 834 2852 tempus
853 2777 1048 2853 ontrpnorum
1057 2771 1214 2833 lominum

115 2857 355 2938 traditursuisee
367 2855 558 2935 simplicior,
584 2867 619 2915 nt
633 2859 782 2918 veumtu
793 2858 838 2918 ed
847 2879 879 2918 se
888 2859 1037 2931 advenas,
1057 2861 1112 2940 qui
1123 2858 1213 2918 modo

113 2944 237 3004 consilto
251 2954 280 3000 et
293 2942 441 3021 sapr'entic
448 2942 586 3021 praediti
595 2943 641 3002 od
650 2943 858 3003 rumdam
871 2944 1212 3025 vitamscrmanrlosqus

114 3050 209 3089 morea
222 3027 344 3109 aliquid
354 3027 535 3107 conferrent,
556 3026 640 3087 coelo
656 3041 685 3087 et
698 3040 777 3088 terra
791 3029 884 3089 eelitoa
894 3030 1053 3090 crederent.
1082 3032 1211 3090 Bura.

113 3116 258 3173 nimirum
274 3112 373 3173 multo
385 3122 519 3193 praestat
533 3132 568 3171 ac
582 3116 675 3176 satim
688 3124 735 3174 est
748 3116 872 3175 oonsilio
886 3135 978 3198 quam
989 3116 1081 3174 armis
1094 3113 1211 3174 bellum

115 3198 277 3274 conficere,
304 3218 367 3257 uon
385 3197 495 3276 modo,
532 3197 615 3279 quod
634 3202 781 3260 maiorem
800 3211 972 3262 mereantur
988 3196 1112 3259 laudem
1130 3200 1210 3259 vires

116 3286 211 3344 animi
231 3301 323 3364 quam
343 3287 489 3365 corporis,
517 3294 552 3343 ut
572 3282 612 3344 ad
625 3288 797 3368 Oppianum
815 3281 919 3361 docui,
948 3282 1003 3347 sed
1024 3286 1116 3345 etiam
1128 3280 1212 3365 quod

115 3371 249 3451 plurium
262 3368 351 3432 saluti
363 3367 536 3428 mortalium
547 3370 600 3428 illa
611 3390 703 3451 quam
714 3368 773 3430 hac
786 3373 900 3430 ratione
914 3371 1094 3432 consulatur.
1115 3372 1210 3430 Rrrr.

200 3457 253 3519 22.
296 3454 446 3532 Magnus.
489 3456 681 3515 Marcellinus
712 3457 819 3517 (lomes
851 3453 997 3515 Chronico
1021 3452 1129 3514 Indict.
1152 3456 1211 3518 10:

115 3540 273 3621 Hypatam
288 3539 457 3618 Pompeiae
469 3550 498 3598 et
510 3538 642 3612 Robur,
665 3561 775 3620 genere
789 3540 971 3613 consobrini,
995 3539 1061 3600 divi
1070 3542 1212 3614 Anasta,-

115 3630 155 3686 aie‘
166 3636 293 3706 nepotes.
339 3635 370 3684 et
384 3627 588 3684 innominatus
602 3622 846 3707 chronographus
860 3627 1038 3705 Pompeium
1057 3626 1212 3686 consulem

114 3713 188 3771 facit
199 3715 316 3772 Avieno
327 3711 462 3791 collega,
491 3710 546 3770 sub
561 3714 720 3771 Anastasio
733 3714 877 3793 principe.
920 3712 1083 3794 exquibus
1096 3719 1211 3771 certum

115 3808 161 3857 est
174 3801 266 3858 etiam
277 3795 335 3857 hoc
349 3817 423 3858 asro
438 3796 554 3857 illustre
566 3797 660 3856 fuisse
675 3799 890 3878 Pompeiorum
902 3807 1040 3875 stemma,
1062 3798 1146 3858 cuim
1160 3796 1211 3870 laq

115 3885 216 3944 millae
237 3885 425 3964 gentilicium
446 3892 679 3964 cognomentum
699 3883 758 3941 fuit
775 3886 926 3965 Magnus.
971 3885 1095 3945 Sueten.
1112 3882 1210 3959 cmg.

115 3970 175 4032 35:
196 3969 496 4049 neterufurnrlmnun
514 3969 649 4047 burgrice
660 3967 843 4029 noluissem
858 3972 965 4050 curque
979 3970 1104 4040 ademit,
1135 3968 1211 4025 Tor-

115 4065 207 4132 quato
218 4065 363 4135 torquem,
381 4055 559 4115 Πὺωῠυωιο
571 4057 699 4128 erinon,
717 4054 772 4114 Gn.
791 4057 935 4135 Pompeio
948 4058 1050 4135 stirpis
1067 4054 1211 4132 mannans

115 4139 231 4217 Magni
240 4160 412 4219 eogrromsrt.
455 4143 517 4200 scio
530 4139 767 4200 emditissimum
775 4141 961 4202 Savaronem
972 4143 1117 4220 Magnum
1129 4135 1210 4195 hmo

114 4244 222 4298 vocare
233 4225 377 4303 gentilem
388 4228 492 4305 Magni
502 4226 627 4301 Felicis,
655 4224 696 4285 ad
712 4246 805 4308 quern
827 4237 873 4287 est
892 4246 1012 4286 carmen
1027 4229 1048 4289 9
1069 4221 1209 4286 Sidoniis

114 4308 169 4372 sed
187 4312 349 4392 Pompeiae
371 4315 468 4390 gentis
486 4330 654 4392 cognomen
670 4309 731 4374 boo
750 4331 813 4374 non
831 4313 905 4393 legi.
934 4312 1076 4373 Damas.
1115 4306 1208 4371 butus
