2750 4625
376 214 379 221 Ι
411 276 470 343 DE
492 275 702 345 reuulsus
726 275 896 346 1118th
1126 279 1201 351 333

104 445 176 525 gnie
189 451 291 502 antem
306 452 336 503 et
349 443 554 503 Diocletianus
568 445 658 504 etiam
674 416 772 505 edicio
791 452 957 504 sanxerunt
967 452 1002 504 ut
1014 464 1120 505 omues
1134 447 1200 507 sine

102 530 276 589 discrimine
297 530 416 608 generis
437 532 578 610 prostrati
598 528 692 610 pedes
713 531 771 590 sibi
791 530 1044 589 exoscularentur.
1086 543 1199 613 quanto

102 612 263 673 humanius
277 615 444 690 Traianus,
475 616 528 695 qui
546 612 722 674 huiusmodi
744 616 802 676 sibi
818 613 947 675 honores
967 614 1078 675 deferri
1093 637 1200 697 pessus

102 709 240 759 nonest:
270 719 331 757 nors
351 712 386 758 tu
404 700 516 759 civium
533 700 692 779 amplectis
713 701 759 759 ad
770 701 864 780 pedes
884 700 1116 778 tuoedeprimre,
1145 723 1201 762 neo

102 784 238 843 osculum
251 805 347 843 mnu
359 784 473 855 reddis,
494 786 593 866 inquit
607 786 645 845 de
659 806 694 846 co
707 787 824 845 Plinius
836 788 985 865 Panegyr.
998 784 1050 851 21.
1088 798 1200 868 quanto

102 872 176 929 item
194 867 356 929 humanius
369 871 475 928 Petrus
496 872 665 950 spostolus,
694 874 742 930 cui
758 891 826 930 cum
844 892 877 931 se
894 872 1049 931 Cornelius
1067 875 1200 931 centurio

102 955 232 1034 supplex
245 974 280 1012 ac
294 952 522 1015 venerabundus
539 955 578 1015 ed
592 956 684 1037 pedes
697 958 870 1031 abiecisset,
892 978 995 1036 surge,
1015 958 1122 1039 inquit,
1145 978 1199 1039 ego

102 1061 218 1121 quoque
231 1039 318 1098 homo
329 1061 406 1098 eum.
450 1043 518 1099 net.
536 1045 574 1105 10
589 1046 641 1106 26.
664 1044 757 1102 Rrrr.
800 1042 834 1101 id
850 1043 986 1123 obsequii
999 1060 1095 1121 genus
1106 1046 1199 1103 lusti-

101 1129 228 1183 nianmn
245 1144 280 1185 ac
299 1123 492 1184 Theodorum
517 1127 582 1185 eius
608 1147 737 1187 uxorem
761 1131 883 1208 exigere
906 1130 1094 1188 consuevisse
1112 1139 1198 1189 notat

102 1212 264 1289 Procopius
277 1213 355 1270 illst.
369 1214 478 1270 Arcen.
493 1231 518 1268 c.
534 1214 586 1275 29.
609 1214 709 1272 Fooe.
752 1213 863 1272 divinis
874 1210 961 1288 dixit,
977 1215 1047 1294 quie
1063 1215 1199 1295 alioquin

104 1292 229 1354 decrmn
243 1298 348 1354 stetuis
360 1298 386 1355 is
400 1294 497 1355 honos
513 1293 689 1356 habebatur.
731 1297 930 1357 Prudentius:
951 1298 1130 1378 Augustum
1145 1319 1199 1356 cu-

101 1391 159 1459 pui
179 1392 250 1439 ante
262 1380 365 1459 pedes
376 1402 501 1440 curvare
517 1384 676 1442 Minerm
689 1383 814 1457 fictile,
846 1395 875 1442 et
885 1382 981 1441 soleas
992 1385 1105 1442 Iunoni
1117 1383 1199 1441 lani·

103 1465 182 1537 bere,
197 1466 316 1544 plantis
329 1467 474 1526 Herculis
488 1467 621 1527 advolvi.
666 1466 765 1527 idemz
781 1490 950 1549 cernueque
963 1489 1016 1527 ora
1029 1489 1115 1527 senex
1128 1467 1200 1526 Irar-

72 1542 74 1547 ’
101 1550 190 1609 heure
204 1563 233 1610 et
245 1551 432 1633 oeculefigit
444 1551 582 1613 cruribus
595 1555 788 1634 aenipedum,
811 1557 840 1613 ei
847 1555 908 1635 fae
924 1565 967 1613 est
978 1554 1087 1625 dicere,
1108 1573 1200 1634 equo-

100 1658 179 1696 rum.
224 1641 349 1698 Bsnrn.

186 1723 259 1787 159.
302 1723 383 1805 apud
395 1727 524 1787 Graecos
539 1728 669 1808 ἱστορεῖν
683 1737 729 1787 est
742 1746 879 1796 oanan,
895 1735 925 1784 et
938 1723 1094 1785 historiam
1106 1743 1199 1783 roce-

101 1811 145 1868 vit
159 1805 349 1889 Theophilus
370 1807 458 1885 πεζὸν
478 1807 570 1893 λόγον
587 1812 753 1891 pedestrem
774 1814 945 1869 orationem.
990 1808 1041 1870 edi
1057 1813 1159 1868 lieret.
1176 1814 1198 1874 2

103 1896 153 1968 12,
174 1896 342 1954 Marcilium
354 1897 386 1954 in
401 1907 560 1955 comment.
576 1897 616 1956 ed
627 1899 682 1956 lib.
698 1898 719 1961 4
732 1900 860 1957 Institut.
873 1896 1025 1976 Imperial.
1040 1898 1087 1955 tit.
1100 1895 1120 1957 1
1134 1890 1152 1974 §
1166 1896 1197 1956 1.

100 1982 254 2039 maante
273 1984 382 2060 igitur,
408 1980 442 2040 id
464 1993 510 2042 est
528 1984 691 2063 loquentis.
734 1982 822 2044 ovid.
839 1980 957 2041 heroid.
978 1986 1014 2044 1:
1044 1981 1198 2038 mmeritis

101 2066 210 2123 coniux
218 2067 332 2144 pendet
344 2065 384 2126 ab
398 2087 446 2125 ore
460 2069 527 2127 viri.
572 2070 715 2128 lirursr.
888 2130 896 2151 x

186 2150 258 2213 160.
301 2154 392 2232 corre]
416 2154 459 2211 sic
478 2154 557 2211 infre
578 2173 608 2212 r.
634 2158 717 2218 273:
748 2151 917 2211 bremensem
934 2159 1054 2220 cortem,
1074 2145 1134 2206 hoo
1152 2158 1198 2208 est

100 2234 225 2297 fatalem
243 2241 472 2312 necessitatem
502 2246 533 2296 et
554 2257 583 2296 r.
606 2240 687 2301 507:
715 2239 790 2294 sorti
811 2236 933 2294 senioris
955 2235 1101 2311 adempti
1133 2231 1199 2296 etl

100 2319 179 2385 345:
197 2334 273 2379 corte
286 2344 353 2381 mea
365 2325 471 2392 trister,
512 2324 595 2400 Virg.
608 2320 810 2386 Aen.2655=
831 2320 907 2379 here
913 2320 993 2395 finis
1007 2321 1130 2378 Priami
1137 2319 1198 2399 so

101 2415 212 2478 torum,
232 2407 284 2466 lu‘e
298 2409 392 2465 auus
404 2407 493 2464 illum
505 2417 582 2464 sorte
594 2406 674 2463 tulit.
719 2407 820 2466 Foco.

185 2492 257 2556 162.
299 2492 517 2570 mesletueque.
541 2492 617 2551 forte
627 2501 733 2570 pectere
746 2503 797 2550 ant
811 2490 923 2551 rulers.
947 2491 1040 2551 Rurz.
1080 2499 1196 2567 pectus.

99 2574 144 2634 sio
156 2577 293 2654 reposui,
316 2596 386 2634 cum
400 2578 495 2635 instar
505 2580 631 2636 monstri
645 2577 795 2656 legeretur
802 2577 967 2656 flenteque.
1012 2573 1121 2657 quodsi
1137 2594 1200 2633 non

99 2660 199 2739 placet
206 2672 313 2737 pectus
329 2662 463 2719 lacrimis
476 2662 608 2734 medere,
629 2664 698 2740 lege
714 2661 826 2721 veltres.
871 2658 998 2722 Aeneid.
1020 2662 1058 2724 9:
1080 2658 1201 2719 vultum

100 2744 235 2803 lacrimis
255 2757 345 2825 atque
363 2767 417 2804 ora
438 2747 570 2827 rigabas.
600 2750 743 2807 Dsnrsr.
801 2750 996 2826 Dempsterus
1025 2755 1055 2804 et
1073 2746 1199 2804 Ruizius

94 2840 260 2910 pecturque
270 2833 451 2890 meluenmt.
495 2852 564 2891 cum
578 2853 648 2892 vero
662 2831 765 2892 sedeat
777 2834 810 2891 in
824 2843 889 2892 toro
903 2833 1051 2906 Iustinus,
1073 2850 1129 2910 ego
1147 2849 1199 2888 ar-

99 2916 193 2974 bitrer
214 2918 378 2977 consultius
399 2916 550 2997 lectusque
568 2921 628 2976 oiri
647 2917 857 2993 scribendum,
901 2918 1044 2999 qnoniam
1073 2918 1198 2995 propius

99 2997 158 3059 hoc
175 3003 266 3061 etiem
272 3014 324 3062 est
339 3001 379 3061 ud
393 3005 570 3082 scripturum
581 3009 725 3062 veterem.
769 3007 813 3063 sio
832 3004 904 3062 fletu
920 3004 1034 3062 lectum
1058 3020 1090 3059 se
1108 3019 1199 3059 snum

99 3083 287 3147 madefecere
307 3081 349 3147 eit
362 3087 461 3148 Devid
475 3109 531 3148 rex
545 3089 666 3148 Psalmo
682 3095 720 3165 6,
750 3088 789 3148 ed
810 3108 903 3170 quem
922 3087 1091 3167 respexisse
1109 3083 1199 3143 chri-

100 3173 215 3231 stianus
227 3182 310 3232 rates
323 3171 450 3233 videtur.
472 3177 597 3242 Bsnrn.
639 3176 835 3254 Dempsterus
855 3195 888 3234 se
902 3174 1068 3253 reposuisse
1086 3172 1128 3228 eit
1138 3189 1198 3248 pe-

100 3266 180 3328 ctue,
202 3275 272 3315 cnm
285 3268 372 3317 antee
384 3261 479 3318 inster
490 3262 616 3320 monstri
621 3262 720 3338 fletus
733 3261 892 3339 legeretur,
914 3254 997 3339 quod
1010 3259 1037 3315 si
1053 3275 1116 3316 uon
1128 3255 1197 3335 ple-

100 3350 176 3417 ceat,
198 3343 289 3402 scribi
301 3362 388 3422 posse
401 3345 514 3404 adure.
560 3344 613 3406 sed
628 3343 743 3404 dudum
757 3347 879 3404 Rnizius
892 3346 925 3401 in
937 3343 1073 3421 margine
1087 3338 1196 3399 editio·

99 3429 148 3486 nis
162 3446 235 3487 suae
248 3438 385 3487 notarat:
415 3430 492 3489 forte
503 3441 611 3509 pectus
629 3441 681 3489 eut
701 3431 813 3490 reduce.
859 3429 1001 3487 ultimum
1015 3424 1048 3485 id
1063 3425 1199 3486 firmetur

100 3531 141 3571 ex
159 3515 237 3573 Aen.
262 3519 278 3578 1
299 3512 372 3578 469.
398 3516 519 3575 Voscx.
572 3514 737 3594 legendum
760 3535 824 3574 esse
844 3513 1005 3594 velimque
1025 3513 1197 3593 comprobet

100 3600 242 3677 Virgilius
257 3600 335 3658 Aen.
352 3603 370 3662 1
388 3597 466 3674 169,
489 3611 519 3659 et
531 3599 690 3659 Boethium
702 3604 736 3658 iu
750 3596 874 3660 Barthio
890 3618 1001 3680 qneero
1019 3598 1106 3657 aliter
1124 3618 1197 3660 sen-

99 3685 239 3744 tientem:
260 3683 378 3746 ridetur
390 3686 471 3744 enim
482 3684 566 3745 heud
579 3684 822 3745 animadvertisse
834 3683 873 3745 ad
884 3686 1068 3765 superiorem
1080 3703 1111 3745 r.
1126 3685 1197 3748 119.

97 3769 196 3831 Fece.

183 3856 257 3922 166.
299 3853 448 3916 demenda
464 3868 510 3917 est
523 3854 674 3918 distinctio
688 3858 934 3937 interrogatoria:
948 3858 1011 3917 iem
1023 3856 1105 3916 enim
1117 3863 1197 3912 tem·

99 3958 157 4018 pus
180 3938 285 4001 edesse
308 3945 350 4001 ait
370 3945 503 4003 lustinus
523 3954 557 4002 ut
576 3946 720 4004 tristetrrr.
764 3955 867 4025 estque
894 3944 1001 4002 ellusio
1025 3939 1197 4000 adnomen

99 4026 242 4104 principis
257 4046 275 4084 e
290 4028 421 4104 iustitia,
451 4029 574 4111 qualem
593 4032 626 4089 in
645 4029 774 4108 singulis
792 4029 964 4096 nominibus
979 4036 1078 4107 captet
1089 4024 1196 4101 corip-

98 4128 157 4189 pus
179 4112 318 4190 exemplo
338 4114 535 4193 interpretum
555 4117 633 4174 seori
653 4118 859 4191 instrumenti,
890 4116 941 4194 qui
963 4111 1037 4171 adeo
1056 4107 1128 4169 huic
1151 4107 1196 4165 rei

98 4190 277 4256 studuerunt
293 4205 327 4254 ut
339 4198 466 4278 ineptias
481 4203 577 4259 enam.
586 4221 649 4260 non
662 4220 729 4260 raro
743 4199 955 4259 admiscuerint
966 4198 1129 4276 plusquam
1144 4194 1196 4250 in-
1296 4195 1302 4208 ‘

98 4290 194 4361 optes,
209 4289 243 4340 ut
255 4278 357 4343 videre
371 4294 456 4363 potes
468 4287 519 4347 vel
531 4306 571 4345 ex
582 4287 655 4348 solis
670 4287 862 4347 collectaneis
875 4287 908 4344 br
922 4282 1064 4364 epimahi
1081 4278 1194 4368 ΜΠ,
