2750 4625
153 238 206 309 22

234 405 265 469 8.
308 403 529 463 Commemorat
552 409 655 461 auctor
675 418 727 461 eos
750 416 879 481 quorum
898 396 1107 462 exhortatione
1128 419 1248 460 cannen

151 503 209 564 hoc
226 507 259 564 in
274 502 397 564 leudem
412 507 518 564 lustini
532 504 751 584 conscripserit.

234 604 267 671 4.
309 610 467 666 Iustiniani
491 607 608 666 obitum
635 605 793 664 ernfioioee
818 607 906 682 pnite
934 601 1110 681 introducit,
1145 616 1179 665 ut
1207 624 1248 665 ex

153 710 288 769 consulto
303 721 424 769 senatus
437 710 587 768 lustinmn
602 707 750 767 avunculo
764 702 919 783 condignis
933 705 1083 766 laudibus.

237 811 269 879 5.
311 813 370 871 Ubi
403 812 619 871 conlacrimnns
645 811 795 881 Iustinus,
836 816 867 869 et
896 805 934 865 de
961 820 1056 869 morte
1079 810 1273 877 iustiniani.·5

153 912 226 974 dum
247 935 336 995 sopor
355 916 450 974 oculis
470 915 655 994 irrepsisset,
676 931 731 992 per
742 912 875 992 quietem
887 910 963 969 vidit
977 924 1110 971 sanctem
1121 915 1248 971 Mariam

151 1020 301 1098 virginem
315 1019 475 1098 imperium
486 1018 546 1077 sibi
560 1011 732 1074 decedentis
746 1013 885 1071 avunculi
898 1033 1064 1093 surrngnre.

237 1123 269 1185 6.
310 1120 356 1178 De
375 1120 482 1177 Iustini
503 1116 628 1177 cedibus
652 1116 779 1175 calinici
796 1118 950 1177 concitetis
965 1119 1114 1197 impulsu,
1135 1127 1168 1176 nt
1180 1116 1249 1176 adi-

153 1232 201 1284 tus
216 1221 337 1282 daretur
351 1222 469 1281 senatui
482 1221 694 1299 imperatorem
705 1219 854 1281 Iustinum
867 1220 996 1300 eligere,
1018 1231 1048 1282 et
1063 1221 1193 1283 custodie
1209 1220 1250 1281 ed

153 1329 312 1404 strepitum
326 1343 394 1381 cum
406 1318 613 1400 indignatione
626 1321 787 1400 responsis.
1258 1333 1291 1387 10

237 1429 269 1489 7.
311 1424 478 1503 Descriptio
497 1420 603 1481 domus
624 1424 743 1479 Iustinl.
786 1439 878 1503 quum
897 1423 1026 1501 pretiosa
1042 1426 1110 1485 risu
1126 1437 1156 1485 et
1174 1447 1248 1507 ope.

153 1546 220 1587 roso
232 1527 324 1585 inerit
336 1525 440 1584 labore
455 1535 621 1584 constructa
640 1519 759 1599 mult,
780 1535 815 1582 ut
829 1522 869 1582 ad
882 1522 1028 1585 honorem
1040 1531 1146 1590 lustini
1158 1549 1250 1612 quom

152 1649 278 1710 propere
294 1628 497 1688 convenirent.

237 1834 289 1895 17.
331 1828 410 1904 Quid
430 1829 533 1889 cneus
556 1830 607 1888 rel
632 1830 696 1889 eins
719 1838 877 1911 apparatus
894 1828 1078 1909 significent,
1099 1828 1250 1929 hioppete

152 1929 322 1994 edmirabili
336 1934 452 1995 notione
469 1932 686 2012 complectitur.
1257 1949 1293 2007 15

239 2037 289 2100 18.
332 2035 412 2094 Dicit
436 2032 488 2095 hic
511 2037 565 2116 qui
592 2035 726 2114 primum
753 2032 914 2114 quadrigas
937 2034 1088 2108 iunxerit;
1119 2045 1150 2093 et
1168 2033 1251 2116 quod

152 2154 230 2196 vana
252 2139 425 2216 superstitio
446 2155 633 2217 paganorum
654 2132 746 2195 deum
765 2137 863 2201 solent
883 2140 1051 2219 putaverit3
1078 2140 1132 2219 qui
1148 2149 1249 2198 tamen

151 2235 250 2299 bonor
261 2239 335 2301 solis
348 2250 454 2320 postne
466 2239 609 2300 Romanis
623 2235 741 2298 delatus
755 2250 811 2298 est.

239 2344 290 2407 19.
332 2344 444 2407 Ansere
466 2341 624 2403 Iustiniani
642 2341 775 2421 populus
788 2344 928 2406 incitatus
942 2344 1091 2405 Iustinum
1106 2341 1250 2405 heredem

130 2507 133 2514 ,
153 2446 239 2523 regni
253 2443 356 2505 fanore
373 2444 473 2506 landis
488 2445 673 2527 exsequitur.
1248 2435 1295 2518 '20

224 2630 250 2687 ἰ
267 2627 343 2684 Haec
359 2634 419 2684 note
430 2628 464 2683 ed
476 2628 583 2700 primurn
593 2626 642 2681 ian
653 2626 745 2682 librum
755 2626 861 2701 Cotippi
872 2629 1000 2701 pertinet,
1018 2628 1090 2684 cuins
1100 2646 1147 2689 sex
1157 2629 1253 2699 margi-

152 2696 225 2751 nales
236 2696 411 2753 distinctlcms
422 2703 481 2751 sunt
490 2699 605 2752 omissae.
623 2700 656 2751 B.
692 2705 879 2768 praetereaque
894 2699 1025 2769 perierunt
1037 2700 1113 2754 etiam
1131 2700 1254 2753 interne·

153 2765 212 2820 diae
221 2767 363 2822 Periocbae
373 2766 489 2820 carminis
500 2766 651 2836 panegyrici
663 2766 696 2818 ad
707 2768 877 2822 Anastasiou.
910 2770 943 2823 F.

127 2851 133 2860 ’
224 2836 251 2890 4.
267 2835 342 2899 Qme
356 2836 398 2888 bic
412 2833 505 2888 desunt
521 2834 634 2917 suppleri
653 2833 759 2887 debente
777 2837 981 2891 commendatore
994 2838 1141 2892 neceam
1152 2837 1253 2892 meoet.

153 2918 213 3028 pap
229 2904 352 3024 Ιιέιίιιιιιιι
366 2902 469 2961 meatui
486 2920 503 2958 a
519 2911 643 2956 nonanta
658 2905 798 2959 Iustiniana
816 2908 1016 2959 commendatum
1034 2905 1205 2959 mutarit
1225 2911 1252 2957 et

222 3039 248 3095 5.
266 3039 371 3095 Excidit
386 3038 450 3094 crdo
467 3039 620 3093 cuntionis
636 3056 670 3091 ex
684 3039 750 3092 libro
761 3040 851 3110 primo.
886 3041 969 3093 adluit
979 3045 1083 3093 senatos
1093 3039 1206 3101 Iustino,
1224 3045 1253 3094 et

154 3107 188 3160 de
206 3108 353 3188 infirmitate
375 3108 492 3161 avuncuii
507 3107 639 3169 uerterit,
661 3106 795 3176 ipsumque
810 3109 962 3160 succesioni
976 3108 1158 3162 admovendum
1177 3109 1251 3163 dixit.

155 3176 198 3230 nui
215 3178 325 3234 aermcm
343 3175 531 3239 conlacrimavit
549 3177 671 3231 Iustinus.
706 3176 770 3227 baec
780 3176 871 3229 desunt
882 3177 908 3228 ln
919 3177 1010 3229 launna
1019 3177 1062 3229 illa
1074 3179 1139 3230 bene
1150 3195 1252 3246 nragm.

156 3252 242 3299 cetere
252 3248 301 3301 iam
312 3255 446 3317 apparent.
480 3247 545 3300 baec
555 3247 576 3300 si
587 3244 775 3298 mnsiderasset
784 3245 935 3310 Pntscbins,
952 3246 1116 3300 &annuisset
1131 3247 1253 3300 insertio-

154 3315 194 3369 nis
208 3315 242 3371 de
259 3317 403 3385 fragmento
420 3316 552 3388 opinione,
568 3331 644 3385 qnam
662 3312 745 3381 longia
763 3314 856 3382 alioqui
871 3315 1019 3382 ambagibus
1035 3332 1152 3368 asserere
1162 3317 1253 3369 rolntt.

155 3382 241 3437 Maria
251 3403 314 3469 perp
325 3403 342 3438 a
353 3385 467 3457 Codppo
478 3388 612 3467 peltarum
623 3389 738 3468 fetetnm
748 3382 887 3465 imitatione
897 3383 1076 3468 introducitur,
1088 3385 1131 3453 qni
1141 3386 1188 3437 diis
1199 3386 1253 3438 suis

272 3609 355 3645 rerum
367 3609 415 3645 sun
494 3633 500 3644 .

227 3662 252 3715 6.
269 3661 394 3714 Exactlus
412 3661 476 3714 baec
491 3660 593 3713 intrteu
611 3658 759 3713 monacho·
776 3659 942 3729 glosatorem
959 3659 1066 3714 ridebis.
1099 3661 1176 3730 polis
1187 3660 1253 3713 enim

155 3727 264 3784 Pietatis
282 3730 441 3783 simrrlacrurn
461 3729 532 3783 eaelo
552 3728 708 3782 descendere
718 3728 798 3794 iacit,
817 3729 939 3782 familiare
949 3736 980 3781 nt
990 3729 1060 3782 vdut
1071 3737 1195 3799 perpetuo
1207 3731 1252 3782 lu-

154 3796 233 3853 stina.
266 3798 310 3851 ille
326 3816 388 3857 reto
407 3800 510 3856 beatm
527 3797 652 3866 virginem
667 3814 700 3850 ax
716 3814 748 3850 en
765 3798 909 3851 concinnat
943 3815 992 3850 nec
1001 3797 1062 3850 inde
1073 3799 1153 3850 nlnm
1163 3799 1255 3851 boram

155 3875 247 3920 auctm
257 3865 385 3952 corippus
396 3885 455 3922 esse
463 3867 548 3938 possit
556 3868 625 3937 ipset
642 3864 756 3920 maachi
775 3866 841 3920 eninr
851 3866 1039 3950 dinjmperlnm
1049 3867 1075 3919 in
1090 3868 1170 3919 borres
1181 3867 1253 3919 litte·

68 3959 72 3966 ·
155 3952 199 3989 ras
215 3936 326 3990 nutandi
344 3937 444 4004 onnia,
460 3936 564 4008 tyranni
582 3936 650 4001 veri,
666 3936 817 3989 babuerunt.
852 3936 940 3989 melros
956 3952 1048 3989 aevntn
1059 3936 1142 4005 spiret
1151 3935 1253 4006 phrasis

155 4021 222 4074 quse
231 4005 345 4080 seqnitur
356 4024 378 4060 c
386 4007 417 4060 62
433 4012 464 4060 at
475 4007 563 4089 editoe
573 4006 682 4089 dnpetsr
692 4005 796 4059 mnes
805 4006 987 4076 inponerent
997 4005 1125 4063 instem
1137 4006 1236 4078 eligere
1241 4021 1254 4068 r

155 4073 749 4220 ‘¹⁰⁰⁶1lf’tiiffbitnittw
755 4143 822 4206 n...
855 4144 888 4204 r.

225 4216 267 4272 ta.
282 4213 359 4270 adde
367 4214 535 4287 utaentur.
568 4213 601 4269 B.
