2750 4625
450 254 509 322 DE
533 252 743 323 Llunlssus
767 254 938 324 wsmu.
1159 255 1242 328 '³95

140 416 262 497 diluere
277 421 298 486 9
312 417 346 479 ff.
370 417 410 482 ad
426 421 455 486 l.
474 417 575 482 Rhod.
595 417 635 480 dc
649 420 740 495 lact,
770 430 800 479 et
820 420 844 478 l.
864 418 942 480 bane
962 422 1122 483 azenous
1144 424 1178 483 c.
1203 422 1242 484 de

140 505 246 590 quadr·
261 509 435 587 praescript.
478 504 547 568 ride
561 516 592 565 et
605 507 753 566 &uacum
767 504 805 564 dc
819 505 979 570 benafiu'i
1000 505 1021 570 4
1042 518 1072 566 ct
1085 510 1117 574 6.
1144 512 1241 570 ΒΜ.
1273 523 1277 532 “

119 651 125 667 .
225 611 299 673 872.
343 606 380 668 de
393 608 464 668 fisco
475 610 571 668 multa
581 627 682 688 supra.
724 606 777 666 ills
788 609 949 687 principis,
970 616 1004 666 ut
1017 610 1165 668 aerarium
1180 614 1240 670 rei-

137 696 303 777 publicae.)
332 695 451 754 Plinius
472 697 587 775 Paneg.
605 695 750 752 Traiani:
773 713 835 752 nors
850 694 954 751 eodem
969 695 1244 769 severitutsfiscum

138 803 201 862 qua
216 780 369 839 acaunum
384 778 514 852 cohibea,
536 783 626 839 inam
642 789 728 839 tauto
739 781 853 838 masbrs
865 790 979 858 quanto
991 778 1068 858 plus
1083 777 1141 836 tibi
1155 781 1243 840 liceri

135 870 177 927 de
196 877 248 925 tuo
270 885 363 945 quum
382 865 420 924 da
435 864 562 944 publico
587 866 693 924 crus.
739 875 807 944 post
831 882 902 924 eum
925 865 1101 945 Spartianus
1122 866 1156 923 in
1177 869 1242 926 ils-

83 1023 103 1035 „
137 952 263 1013 dsiano:
294 950 507 1010 damnatorum
535 951 613 1010 bonu
642 953 675 1012 iu
694 951 811 1025 fiscum
830 953 992 1028 puuctum
1011 951 1111 1030 mugi
1132 954 1241 1026 estruit,

136 1040 221 1096 osani
238 1057 357 1096 summa
374 1038 408 1094 in
424 1039 542 1095 uoranb
555 1035 681 1115 publico
697 1048 824 1114 recepto.
870 1036 948 1095 bene
964 1035 1019 1094 iiia
1035 1034 1116 1117 apud
1130 1037 1241 1097 Diaoo'-

135 1143 211 1182 nurn
235 1127 290 1187 11:
320 1122 447 1201 quidum
467 1121 621 1202 improbus
637 1126 804 1180 exactiones
825 1121 974 1181 detestans
994 1122 1113 1181 dr'oelm
1122 1122 1239 1197 fiscum

135 1229 197 1267 csse
212 1207 332 1278 lienam,
354 1208 438 1287 quod
448 1227 480 1266 so
493 1205 639 1282 crescente
654 1208 767 1288 reliqui
779 1219 865 1267 amu
879 1207 1043 1266 tabescunt.
1089 1210 1240 1269 crescebat

135 1305 237 1354 antem
251 1293 882 1373 sxoddictrhmbonorumproscnptomm.
917 1291 1052 1354 Cassiod.
1070 1291 1091 1356 4
1112 1297 1166 1361 32.
1200 1294 1238 1354 de

134 1378 277 1440 aviditate
286 1380 454 1438 Domitiani
469 1381 604 1438 luvenal.
619 1385 658 1446 2:
683 1380 1039 1460 quicquidzunspicuum
1052 1379 1237 1456 pulchrum-

134 1486 193 1546 que
216 1486 251 1522 ex
270 1483 398 1543 ueqswre
419 1476 491 1536 toto,
513 1487 560 1523 res
568 1463 645 1542 fisci
656 1477 701 1524 est
712 1465 883 1546 ubicuuqzu
897 1475 995 1525 nutat.
1039 1474 1141 1524 tamen
1156 1465 1237 1546 apud

133 1561 270 1610 auctores
289 1550 387 1610 bonos
408 1549 640 1611 coninndrmtur.
684 1552 768 1611 locus
786 1552 908 1630 elegans
923 1548 1004 1632 apud
1016 1549 1236 1630 Symmachum

134 1642 175 1702 10
187 1656 239 1716 ep.
253 1632 311 1700 54:
323 1635 424 1711 fiscus
438 1635 581 1700 bortum
589 1638 765 1716 principum
777 1657 839 1694 uon
852 1637 1039 1695 sacerdotum
1050 1637 1171 1694 damnis
1183 1639 1238 1696 sed

130 1719 263 1780 lucum
282 1720 567 1802 spolatiougcotur.
613 1720 692 1781 dixit
712 1720 752 1780 ad
771 1722 892 1781 Consul.
909 1715 1017 1780 Manlii
1032 1719 1233 1783 Claudianus:

129 1806 320 1886 ubohsctoquc
332 1805 489 1866 hommum
502 1808 662 1867 cumulant
676 1810 796 1865 accurro
810 1827 910 1865 censu.
955 1809 1098 1867 Demsi.

219 1912 293 1975 373.
338 1909 464 1968 subiecti
479 1912 572 1970 nimis
587 1910 683 1989 pressi
698 1910 814 1989 gravati
831 1919 922 1990 atque
935 1906 1076 1969 exhausti
1091 1930 1153 1969 non
1168 1909 1234 1973 sui-

131 1993 236 2053 floiunt
253 1981 378 2054 {andem
396 1994 516 2054 tributis
530 1993 709 2075 pandendis.
753 1996 838 2054 novis
856 1994 1070 2052 deductionibus
1078 1999 1180 2072 pressi
1192 1997 1238 2055 ad

129 2089 231 2138 veteru
242 2079 356 2139 tributo
370 2079 528 2155 deficiunt,
544 2081 643 2163 inquit
655 2082 773 2139 Plinius
786 2081 936 2159 Panegyr.
950 2077 989 2137 ad
1002 2080 1170 2140 Traianum
1181 2084 1234 2147 29.

129 2161 201 2225 hinc
223 2162 261 2223 dc
281 2169 331 2225 sui
351 2165 418 2225 aeri
442 2166 541 2224 Gallia
563 2164 708 2226 Sidonius
723 2166 890 2223 carminum
902 2165 939 2228 6:
965 2161 1073 2222 Gallia
1087 2167 1236 2225 continuis

130 2271 308 2331 quanquam
330 2252 373 2308 sit
395 2249 480 2307 lassa
503 2248 633 2308 tributu.
676 2247 748 2309 side
772 2259 803 2307 et
822 2248 999 2309 salvianum
1017 2246 1055 2307 de
1075 2250 1233 2329 gubernat.

130 2335 181 2396 dei
192 2337 231 2412 6,
256 2346 286 2394 et
299 2337 444 2397 Sararon.
458 2332 498 2393 ad
510 2333 616 2395 Sidon.
631 2336 651 2402 5
667 2355 717 2415 ep.
735 2340 784 2400 17.
818 2354 910 2417 quare
925 2333 1136 2398 callidissimus
1148 2340 1235 2418 prin·

125 2441 199 2501 ceps
217 2421 359 2481 'liberius
380 2431 459 2479 recte
480 2421 580 2481 aiebat
599 2419 670 2479 bont
682 2422 817 2499 postoris
837 2441 898 2479 esse
912 2422 1033 2481 tondere
1040 2442 1150 2501 pecua,
1171 2446 1234 2485 non

127 2505 301 2586 degluberc;
322 2524 502 2587 semperque
525 2504 642 2565 laudati
662 2518 732 2567 sunt
747 2509 899 2587 principes
918 2510 971 2589 qui
986 2507 1097 2567 tributa
1111 2512 1233 2569 minue·

126 2594 204 2667 rint,
225 2602 261 2649 ut
284 2592 460 2667 Gratianus,
482 2590 519 2650 da
541 2608 601 2673 quc
620 2593 774 2651 Ausonius
796 2594 830 2650 in
851 2595 1015 2672 gratiarum
1035 2597 1169 2672 aefi0u03
1197 2606 1232 2656 ut

125 2668 254 2754 Valens,
277 2674 316 2735 dc
333 2694 392 2758 quo
410 2674 600 2737 Themistius
614 2675 793 2758 Euphradas
809 2678 949 2737 Oratione
963 2676 1001 2738 de
1015 2698 1108 2760 pace;
1127 2690 1162 2739 ut
1177 2681 1230 2739 ln-

123 2763 240 2839 iianus,
264 2764 317 2844 qui
337 2765 402 2843 ipsa
421 2760 460 2821 da
472 2783 506 2822 se
519 2765 553 2821 in
567 2766 765 2844 Misopogone
778 2773 906 2823 testatur
916 2784 947 2823 se
960 2767 1099 2846 quintum
1112 2776 1230 2847 purtem

123 2846 375 2910 Antiochensibus
389 2850 551 2909 remisisse.
592 2850 687 2911 Brun.

141 2942 143 2949 ’
209 2949 283 3017 376.
325 2952 543 3013 Du-Fresnius
563 2953 665 3012 const.
687 2948 798 3012 christ.
816 2951 907 3018 hus
926 2949 1035 3033 p.154
1053 2949 1136 3013 hunc
1155 2973 1225 3014 ven-

124 3057 193 3097 sum
214 3038 335 3117 Corippi
356 3038 484 3117 allegat,
506 3038 559 3096 uhi
580 3039 642 3117 agit
659 3035 779 3097 deloco
796 3039 827 3097 in
843 3058 903 3121 quo
916 3040 1132 3118 imperatorum
1146 3038 1227 3098 bona

122 3123 343 3205 patrimonialia
364 3118 619 3198 recondebantur,
641 3134 671 3182 et
693 3142 785 3203 quem
805 3119 906 3187 lduds
925 3122 1082 3184 vocabant.
1125 3126 1225 3183 enim-

122 3197 363 3285 veroprivotum
377 3208 512 3268 absolute
525 3229 581 3289 pro
594 3229 627 3267 re
639 3210 756 3290 privata
771 3211 914 3290 principis
928 3218 1053 3288 usurpat
1067 3210 1104 3267 Ι..
1119 3210 1140 3276 6
1157 3204 1224 3270 cod.

121 3290 242 3353 Theod.
259 3290 296 3351 de
311 3303 408 3351 exact.
436 3292 491 3354 sed
503 3293 582 3353 mihi
594 3292 715 3354 ridetur
728 3296 874 3375 corippus
890 3296 936 3352 uti
946 3292 997 3352 hic
1009 3312 1083 3353 soce
1097 3296 1225 3373 privata

121 3399 182 3439 uon
195 3398 281 3439 secus
292 3397 328 3436 ac
339 3381 476 3458 superius
490 3401 519 3438 v.
532 3379 596 3443 257
607 3378 647 3438 sd
661 3378 849 3459 designanda
862 3380 991 3439 cuusvis
1004 3380 1121 3458 privata
1132 3381 1223 3459 bona,

121 3484 198 3547 quae
215 3464 316 3524 omnia
334 3483 399 3523 esse
414 3475 517 3524 tamen
533 3466 678 3545 principis
694 3463 733 3524 ad
749 3467 983 3525 assentationem
998 3462 1080 3524 dicit.
1122 3467 1223 3528 Foou.

203 3571 280 3634 876.
322 3565 467 3647 uum]
489 3568 523 3627 iu
543 3570 680 3648 singulos
698 3567 764 3628 dias
777 3569 963 3627 iumentum
977 3567 1224 3649 suppeditabatur

118 3654 220 3737 plebi,
242 3671 311 3713 oum
329 3671 449 3711 annona
461 3654 626 3733 incipiebat
638 3653 775 3714 delicere.
818 3654 912 3733 nulli,
935 3651 1017 3735 quod
1031 3656 1144 3732 sciam,
1166 3656 1224 3716 ob·

118 3749 280 3800 serratum.
324 3736 481 3798 claudian.
512 3735 550 3798 de
575 3739 657 3800 hello
686 3738 810 3799 Gildon.
839 3742 936 3800 Roma
964 3740 1045 3800 fama
1070 3741 1222 3801 laborans.

116 3824 289 3904 gaudetque
309 3825 432 3883 &mos
455 3825 646 3904 utsamulue
659 3824 806 3905 praebere
827 3824 918 3885 cibor.
964 3824 1038 3889 alias
1054 3829 1222 3887 inmanses
1269 3838 1275 3847 ‘

118 3909 208 3969 fiebat
222 3910 431 3987 frumentatio,
452 3921 486 3970 ut
502 3910 662 3971 observant
679 3910 770 3972 docti.
811 3913 955 3972 neusa.

202 4015 275 4077 878.
311 4011 596 4091 poroiorbitenues
612 4023 699 4089 suut,
719 4017 820 4094 pauci.
862 4013 933 4075 vide
948 4032 1026 4096 quaa
1040 4011 1094 4071 lib.
1110 4015 1153 4077 87
1166 4031 1219 4072 su·

117 4113 171 4176 pra
184 4093 224 4153 ad
237 4095 373 4159 Caelium
384 4100 581 4159 Aurelianum
594 4102 777 4160 notavimus.
819 4103 945 4162 Burn.

200 4183 276 4249 379.
315 4183 470 4262 legaflm
481 4184 536 4243 diro
549 4195 648 4245 unaco
659 4206 714 4265 pro
725 4196 782 4257 tot,
802 4196 837 4245 nt
850 4189 868 4250 1
888 4187 965 4252 252.
984 4185 1107 4243 Volet.
1148 4202 1217 4243 ma·

116 4266 170 4326 lim
184 4286 234 4327 nse
248 4266 360 4347 legisse
374 4288 444 4333 cum
455 4262 711 4350 Vonckiotoutos.
735 4273 836 4332 Fusa.
877 4289 927 4331 ms
940 4270 1042 4329 rmus.
