2750 4625
163 345 237 423 164
268 349 436 419 CORIPPI
452 348 510 417 DE
524 350 1025 420 LAUD.1UsT.MIN.PRiEF.
1040 352 1096 420 ET
1110 353 1251 423 DEDIG.

183 520 226 586 20
246 527 276 577 te
290 529 375 598 pater
385 517 587 597 omnipotens,
608 536 786 599 summaque
799 519 831 577 in
842 516 914 577 aede
926 518 1046 578 locarit.

246 631 344 681 mater
356 619 471 677 oonuilii
484 618 610 699 placidie
622 622 785 699 Vigilantia
799 623 904 679 restria

247 739 367 800 temper
379 722 459 811 ineat
472 723 582 797 ooulir,
604 741 756 803 quamque
768 724 852 781 omni
864 731 984 801 pectore
999 733 1116 800 gentas,

246 824 328 883 alma
340 826 485 902 Auguria,
509 827 553 883 tui
567 844 687 884 concors
700 826 853 904 Sapientia
866 824 961 903 regni.

247 933 282 982 tu
296 945 432 1007 quoque,
453 929 583 986 iustitiae
596 946 707 986 nomen
726 925 764 985 de
775 928 897 985 nomine
910 943 1048 1001 eumeni,

183 1024 541 1107 &emungendorum
555 1031 666 1091 retinen
676 1028 846 1091 finniaalma
861 1048 978 1107 regum.
992 1050 994 1057 v

153 1124 164 1147 ⁴
246 1122 419 1190 numinibus
431 1131 526 1190 tribue
541 1118 588 1190 iria
602 1120 715 1210 regitur
725 1129 923 1212 quodcunque
936 1139 1082 1190 moretur.

248 1235 383 1291 certatim
395 1242 499 1315 genter
512 1235 646 1296 Romana
660 1231 700 1295 ad
710 1231 832 1297 foedera
847 1244 985 1293 cnrmntt

249 1336 382 1415 principe
396 1355 449 1414 pro
462 1336 540 1393 iusto
554 1336 724 1393 Romanum
737 1354 847 1393 nomen
862 1345 988 1410 eruatur,

249 1436 365 1517 subque
379 1438 429 1516 pio
444 1433 566 1495 domine
581 1439 679 1494 conecti
692 1436 768 1494 bene
777 1439 884 1496 ,uivere
898 1446 1056 1518 quaerunt.

186 1541 230 1604 30
249 1539 302 1603 ille
314 1541 422 1613 etiam,
446 1538 517 1597 eolis
532 1539 585 1617 qui
598 1559 631 1597 ae
646 1532 792 1599 subiectat
804 1543 945 1617 amicum,

233 1618 239 1631 Ι
251 1640 344 1700 ardua
356 1642 519 1720 suspiciens
534 1642 696 1698 minuentis
712 1658 821 1700 oomua
832 1644 933 1717 lunae,

249 1747 482 1823 noctivagaeque
499 1744 601 1807 colena
613 1753 760 1805 aetromm
775 1745 901 1807 consulit
913 1747 1009 1823 ignea,

251 1856 374 1923 urgetur
385 1856 495 1904 terrore
508 1855 570 1919 tuo,
592 1855 790 1925 properatque
807 1847 969 1924 superbum

250 1947 393 2007 inclinare
407 1955 496 2025 caput
508 1947 699 2026 subiectaque
714 1967 824 2026 ponere
837 1950 925 2009 colla.

187 2046 231 2114 85
251 2046 325 2130 quid
337 2050 465 2128 Libycae
479 2060 593 2125 genten,
616 2047 689 2130 quid
701 2050 817 2129 Syrtica
828 2051 942 2129 proelia
954 2046 1053 2108 dicam

251 2152 314 2211 iam
325 2150 409 2211 libria
424 2151 570 2229 completa
584 2150 683 2211 meisi
714 2153 828 2213 maiora
843 2148 969 2209 canendi

252 2263 371 2332 ternpus
384 2250 488 2312 adecti
509 2254 591 2313 renio
605 2252 760 2329 dextram,
785 2256 850 2333 pie,
872 2256 991 2334 porrige
1004 2253 1094 2315 farao.

252 2365 287 2414 tu
299 2353 375 2413 mihi
386 2357 543 2413 materiam
557 2352 676 2418 dicendi
693 2358 831 2418 carminis
845 2366 956 2435 aptam,

252 2458 407 2536 ingenium
418 2457 609 2538 studiumque
625 2457 720 2520 dabie.
763 2461 811 2518 cui
822 2462 939 2518 vincere
950 2459 995 2517 fae
1008 2468 1054 2522 eat

190 2557 233 2625 40
252 2558 412 2619 indomitae
427 2571 532 2638 gentes
547 2570 576 2617 et
588 2560 713 2620 barbara
727 2558 853 2620 subdere
866 2580 968 2638 regua,

253 2665 340 2722 vince
353 2682 439 2720 meae
452 2681 572 2722 saevam
587 2661 741 2738 fortunae,
763 2660 924 2741 deprecor,
947 2665 1042 2724 iram:

253 2767 372 2824 vincere
384 2765 535 2826 fortunam
547 2765 615 2842 plue
628 2774 672 2824 est
685 2782 776 2844 quam
788 2767 906 2824 vincere
920 2765 1012 2824 belia.

254 2864 385 2924 nudatus
399 2868 525 2947 propriis
537 2874 567 2922 et
580 2865 704 2922 vulnera
716 2866 844 2944 plurimu
856 2887 961 2947 poesim

256 2967 296 3026 ad
310 2965 462 3025 medicum
476 2968 555 3038 veni,
578 2967 715 3044 precibus
727 2969 776 3045 pia
789 2978 908 3048 pectora
922 2970 1055 3048 pulsans,

191 3068 233 3136 45
254 3068 294 3130 ad
309 3068 461 3131 medicum
472 3069 562 3128 verbo
576 3077 693 3145 pestem
707 3071 759 3147 qni
771 3080 939 3127 summovet
952 3089 1012 3127 uno

256 3182 286 3230 et
301 3173 365 3230 aine
380 3173 542 3254 componito
555 3168 754 3228 medicamine
768 3171 891 3230 vulnera
906 3167 998 3230 curat.

255 3272 326 3333 huic
341 3294 396 3352 ego
409 3273 543 3346 sananti,
564 3273 590 3330 ai
606 3291 665 3352 qua
680 3282 724 3330 est
736 3268 845 3328 fiducia
859 3276 962 3348 servis,

257 3388 356 3456 gruter
368 3395 487 3460 semper
502 3394 575 3458 ago,
598 3384 628 3433 et
638 3394 693 3458 pro
708 3392 831 3434 munera
846 3378 978 3438 carmina
990 3387 1086 3460 porto.

398 3792 1035 3885 DEDICATIO.

258 3942 448 4050 Immensum
461 3985 570 4043 silvam
581 3980 722 4059 landum,
742 3986 790 4044 vir
804 3985 897 4058 iuste,
919 3993 1038 4045 tuarum

259 4087 421 4162 aapicieua,
444 4087 539 4144 cenos
554 4089 633 4144 nitor
646 4089 816 4166 contingere
830 4105 928 4146 ramos

259 4184 441 4268 grandiaque
455 4205 472 4245 a
487 4191 612 4246 summis
626 4186 783 4267 decerpere
797 4208 887 4266 poma
901 4189 1042 4247 racemis:

259 4284 313 4344 aed
325 4306 434 4366 patrna
445 4290 558 4348 maiora
571 4300 657 4370 peto,
685 4309 741 4348 nec
755 4289 901 4372 prandere
915 4310 1039 4375 poaaum
