2750 4625
173 316 223 390 60
639 314 807 384 comm

192 484 235 554 40
256 483 304 545 dia
319 504 391 566 age,
413 481 550 564 quisquis
564 478 638 543 ales
653 482 783 565 quaesiti
795 483 938 565 temperis
952 477 1080 559 indsx‚¹'

250 604 255 631 t
298 589 423 647 Gentius
437 588 575 665 egregius
588 584 773 667 respondens
785 606 859 645 roae
871 590 1024 667 magistro,

254 690 340 771 isque
353 691 512 768 magister,
534 689 577 747 ait
594 680 722 769 “digno,
743 687 930 765 venerande,
952 690 1054 750 farore

253 803 351 852 rector
361 811 479 850 summe
489 788 615 868 ducsnn,
636 792 770 851 nutantis
783 790 1015 867 destinatam,

253 913 322 973 spes
333 893 448 974 Libyae
459 895 615 975 nostrique
627 894 714 953 feror
724 874 878 975 virtusque
890 893 1045 974 triumphi,

191 994 233 1062 45
254 998 347 1076 impia
363 1016 440 1078 quae
454 997 545 1056 fuerit
557 996 632 1055 belli
643 996 792 1056 nasoentis
806 998 901 1075 urigo,

253 1119 308 1159 nos
325 1100 414 1174 latet,
436 1099 594 1158 obstruatis
609 1099 730 1177 penitus
743 1106 880 1158 eontenta
894 1100 1027 1160 latebris.

253 1212 353 1261 vester
366 1200 531 1261 Caeoilides
543 1200 597 1259 ills
607 1197 646 1258 de
658 1210 743 1278 parte
756 1199 904 1278 tribunus,
1031 1186 1033 1193 ’

255 1307 282 1365 si
295 1308 393 1365 iussus
407 1307 505 1384 coepti
517 1304 626 1361 referat
639 1300 811 1362 discrimina
823 1303 908 1380 belli,

255 1418 361 1465 cuncta
377 1405 482 1466 dooere
497 1417 611 1487 putest3
635 1406 719 1465 auus
733 1409 845 1488 quippe
861 1406 962 1466 omnis
975 1406 1058 1466 notit

192 1506 235 1576 60
254 1511 396 1589 lupatria
409 1512 567 1569 commissa
580 1529 651 1585 sua,
674 1521 839 1590 gentesque
852 1510 993 1589 looosqae

256 1622 466 1692 auctoremque
479 1613 569 1687 mall,
591 1614 683 1692 prisci
698 1631 752 1671 seu
763 1613 907 1691 temporis
921 1603 1031 1669 iram.”

296 1715 481 1794 Praecipitat
494 1711 620 1794 placidis
631 1713 789 1774 Liberatus
802 1712 901 1772 disere
913 1713 1024 1773 verbis.

150 1871 157 1882 ,
254 1818 353 1896 paruit
366 1816 418 1874 ille
435 1817 529 1892 celer,
549 1818 641 1896 plena
658 1820 702 1876 sic
719 1825 792 1875 roae
806 1816 934 1876 locutas.

249 1909 364 1993 “nitor,
390 1937 505 1977 summa
519 1916 644 1995 dueum,
666 1938 770 1978 cauus
787 1938 907 1978 narrare
923 1917 1071 1977 malorum

190 2020 233 2088 65
255 2031 285 2080 et
302 2024 391 2080 iussis
406 2040 511 2100 patera
526 2022 597 2080 tuis.
640 2019 713 2080 dum
728 2021 826 2080 dicere
837 2031 930 2096 tento,

254 2125 376 2183 flamma
392 2142 503 2182 nocens
520 2126 630 2203 surgit,
652 2122 770 2203 gelidus
783 2122 955 2204 praesordia
968 2127 1090 2204 sanguis

253 2225 369 2300 turbat,
392 2236 423 2283 et
438 2235 568 2284 attentas
582 2229 636 2285 rix
649 2224 751 2306 prodit
765 2227 867 2285 fabula
881 2228 1014 2306 liuguae.

253 2330 400 2409 praecipis
413 2331 477 2409 ipsa
493 2349 577 2389 meos
591 2332 702 2389 iterum
711 2350 761 2388 me
773 2332 852 2389 ferre
865 2330 993 2406 labores,

254 2428 328 2489 dum
339 2431 435 2490 refero
449 2451 574 2491 saevum
589 2431 671 2514 quad
684 2434 808 2511 pertulit
821 2434 922 2492 Africa
935 2433 1060 2492 belhan.

189 2538 231 2603 60
252 2532 307 2593 sed
321 2535 391 2615 quia
404 2535 482 2593 celsa
496 2546 637 2615 premunt
650 2534 831 2595 dominantis
843 2538 925 2594 iussa
938 2538 1085 2614 magistri,

252 2634 324 2696 hinc
339 2637 444 2715 procul
456 2649 537 2713 auo,
562 2636 664 2697 dolor:
686 2657 797 2717 magno
810 2640 872 2697 iam
883 2641 1011 2697 vinceris
1023 2658 1108 2699 ausu.

165 2785 172 2812 ἱ
252 2737 420 2821 parendum
433 2750 477 2798 est
489 2742 597 2816 iussis,
619 2738 789 2821 humilique
801 2761 912 2821 pavere
925 2740 1122 2823 sequendam.
1231 2809 1236 2816 ,

293 2843 444 2919 Principio
459 2845 595 2920 geminas
608 2845 671 2901 iem
681 2854 815 2902 senserat
826 2845 927 2903 Africa
937 2854 1055 2923 pestes:

253 2963 334 3002 nuno
347 2947 456 3002 iterum
469 2945 606 3021 geminas
618 2947 709 3002 sentit
719 2943 889 3005 miseranda
903 2948 1014 3004 ruinas.

192 3049 234 3116 65
254 3046 362 3105 finibus
377 3048 409 3103 in
423 3046 533 3103 nostris
548 3054 612 3104 orta
626 3057 686 3120 est,
709 3066 787 3127 quaa
800 3049 893 3104 erevit
907 3049 939 3103 in
955 3047 1069 3122 orbem,

252 3151 402 3230 impietas.
446 3147 584 3205 Guenlm
594 3148 712 3204 miseris
725 3157 771 3205 est
782 3148 873 3205 tristis
887 3149 972 3224 otigo

255 3251 365 3312 Antala
380 3260 520 3309 nascente
533 3250 611 3320 fetu.x
650 3266 722 3305 nam
736 3259 870 3327 tempore
884 3249 983 3326 priseo

167 3359 172 3370 “
254 3374 318 3435 pax
336 3365 399 3413 erat
412 3358 445 3413 in
459 3354 573 3412 eunctis
586 3351 701 3432 Libyae
714 3354 863 3410 tutissima
874 3351 972 3410 terris.

255 3454 405 3536 gaudebat
417 3451 587 3516 miseranda
600 3456 686 3514 uaris
701 3464 804 3513 ornata
818 3455 934 3512 aaronis

190 3563 233 3625 70
253 3561 372 3618 Africa:
392 3559 550 3618 nectebant
563 3557 648 3617 flavis
660 3566 814 3636 gestamen
829 3557 927 3614 aristis

252 3662 417 3741 agricolae,
438 3662 585 3741 solitaque
599 3658 708 3717 rubens
721 3661 753 3716 in
765 3658 889 3738 palmite
900 3653 1054 3734 Bacchus3

252 3783 374 3846 paxque
388 3784 443 3823 sua
454 3765 567 3823 laetam
578 3763 699 3842 lislgens
713 3761 836 3820 eruebat
850 3761 940 3819 oliva.

249 3887 346 3949 usque
360 3865 400 3927 ad
413 3877 460 3927 ter
470 3864 564 3926 denos
577 3865 704 3925 Antalae
718 3864 817 3923 floruit
831 3880 924 3920 annos

167 4083 284 4139 tostas
316 4084 470 4156 aquata
551 4080 690 4151 421μοῦ
772 4072 1262 4135 assumens-eburnam(

168 4154 200 4209 51
220 4085 299 4208 isal]
407 4150 721 4222 52'plasidislibrstis‘l'‚
738 4147 988 4220 plsairislibretislst
1094 4145 1129 4200 57
1145 4151 1259 4196 anam·

167 4221 262 4277 ais-st
345 4220 713 4293 &bumiliparompsdbl
796 4214 1036 4284 fitortsspssts
1121 4214 1259 4267 loricata-

169 4289 255 4345 bttT
368 4293 404 4348 71
420 4291 597 4362 salitasqusl’
710 4281 1259 4356 nutabundum-aliani&
