2750 4625
314 292 535 366 NIEBUHRII
558 297 617 365 DE
640 298 1071 373 montaneam.
1218 326 1242 374 r

227 463 335 523 Paucis
353 463 446 545 igitar
463 483 541 547 quae
558 463 596 526 de'
614 468 815 546 membranis,
843 472 952 552 quibus
973 469 1049 532 haec
1070 474 1238 554 fragmenta

141 569 351 643 eontinentur,
371 565 496 627 dicenda
512 579 600 644 sunt,
621 569 796 631 absolvam.'
829 578 895 634 oc'to
909 575 984 634 folia
998 585 1085 651 sunt,
1112 595 1239 657 quomm

141 667 204 730 duo
219 671 303 750 peria
316 666 357 727 ad
371 675 513 732 ueterem
523 667 663 752 discerpti
675 673 747 732 libri
759 678 985 756 quaternionem
999 679 1158 757 pertinent,
1173 682 1237 760 pri-

139 777 228 832 mu'm
243 772 360 831 scilieet
377 779 467 855 atque
481 773 545 833 sive
560 773 725 834 eecrmdum
741 779 806 836 sive
819 761 940 837 tertium
955 779 1091 840 eiusdem
1104 800 1176 862 par:
1200 781 1238 842 de

138 874 259 935 duobm
273 874 397 955 reliquis
410 873 499 935 aeid
514 875 637 959 quidem
650 881 734 938 omni
748 876 839 939 dubio
853 889 933 940 caret
947 900 982 940 ee
998 880 1041 941 ad
1050 889 1147 943 anum
1161 905 1238 943 eun-

138 978 271 1059 demque
293 979 519 1058 quaternionem
539 980 699 1059 pertinere.
749 991 853 1040 cunda
875 982 963 1057 folia,
991 994 1026 1043 ut
1045 982 1085 1043 ad
1105 984 1237 1047 eundem

136 1079 298 1141 modulum
321 1099 390 1138 cum
411 1083 515 1140 ceteris
538 1100 615 1162 quae
635 1081 675 1141 ad
699 1080 914 1144 conficiendum
924 1104 1039 1144 norrun
1049 1086 1183 1149 codicem
1194 1091 1235 1149 li-

64 1187 70 1199 ‘
135 1186 254 1243 brasias
271 1193 461 1260 congesserat
472 1180 692 1261 redigerentur,
716 1195 767 1243 aut
780 1205 797 1243 a
812 1186 963 1263 superiore
979 1198 1030 1245 aut
1044 1189 1081 1246 ab
1095 1192 1235 1251 inferiore

87 1345 90 1354 ,
136 1307 190 1347 om
202 1285 323 1345 meotis
338 1303 409 1343 cum
421 1287 558 1362 margine
571 1287 686 1366 aliquot
700 1288 852 1361 versibus,
864 1297 867 1302 ’
877 1306 1006 1368 quorum
1020 1309 1163 1350 numerus
1180 1290 1235 1351 de-

71 1395 80 1420 *
134 1389 291 1449 teuninari
308 1389 431 1468 nequit,
452 1384 688 1446 deminutionem
709 1408 798 1467 passa
817 1398 903 1447 sunt:
932 1387 1013 1470 quod
1036 1390 1077 1449 ad
1097 1391 1235 1452 latitudi-

134 1511 208 1552 aem
226 1492 350 1566 attinet,
367 1490 405 1548 in
422 1508 484 1548 amo
503 1491 571 1568 peri
590 1492 743 1570 utriusque
764 1490 831 1549 folii
853 1511 904 1550 ore
919 1512 989 1552 cum
1004 1496 1146 1552 extremis
1163 1516 1233 1555 ree-

135 1614 227 1654 saum
246 1593 352 1652 litteris
374 1592 506 1650 abscissa
527 1601 589 1666 est3
615 1593 650 1650 in
669 1593 793 1673 reliquis
812 1593 924 1669 tribus,
943 1604 1058 1654 mutate
1078 1593 1118 1654 ad
1135 1614 1232 1677 angu-

135 1698 257 1756 stiorem
272 1692 430 1753 modtrlmn
449 1693 615 1773 plicatura,
638 1694 767 1752 alterum
783 1696 892 1754 solima
908 1697 1061 1756 intonsum
1078 1702 1230 1775 remansit,

134 1799 255 1857 alteria
275 1796 366 1876 panlo
386 1796 455 1873 plus
474 1792 639 1876 quadrante
659 1807 806 1856 resectum
827 1798 895 1858 fuit.
937 1800 1111 1858 membrana
1129 1810 1230 1860 tener-

132 1902 209 1960 rima
229 1909 294 1960 esta
319 1899 454 1973 litterae,
476 1908 595 1978 praeter
614 1898 862 1979 subscriptionem
882 1902 1090 1979 praefationis,
1113 1923 1154 1962 ex
1176 1924 1230 1963 ea·

130 2022 199 2061 rum
218 2011 415 2081 generosum
432 2019 509 2080 ques
526 2000 618 2080 vulgo
636 2003 769 2061 smciales
791 2013 915 2079 rocaut3
930 2005 974 2062 ‚iis
992 2005 1104 2065 shniles
1120 2007 1229 2087 quibsn

130 2105 199 2164 Gaii
217 2104 425 2162 imtimtiones.
439 2103 565 2186 scriptae
580 2113 666 2179 sunt,
688 2105 731 2163 ite
747 2102 873 2164 decorae
886 2115 921 2164 ut
934 2104 1012 2165 nihil
1025 2110 1119 2188 possit
1132 2107 1228 2168 videri

129 2208 310 2286 elegantiae.
349 2208 413 2264 iarn
423 2223 512 2280 vero,
533 2213 568 2263 ut
581 2202 632 2264 hio
646 2204 743 2265 codex
754 2227 829 2266 mox
844 2217 912 2287 post
927 2206 1041 2266 editum
1055 2211 1093 2268 ab
1108 2223 1227 2270 auctore

127 2312 345 2391 penegyriomn
356 2311 483 2389 scriptus
497 2308 604 2385 fuerit,
626 2319 730 2368 temen
743 2328 822 2370 anno
835 2309 900 2375 446
910 2314 1061 2371 ‘recentior
1075 2313 1162 2372 foret.
1203 2368 1205 2373 .

211 2414 348 2473 Auctoris
361 2433 488 2488 nomen,
512 2414 538 2471 si
555 2409 677 2492 quidem
693 2413 780 2471 solito
793 2433 877 2472 more
889 2416 921 2471 in
936 2416 1087 2492 superiore
1098 2417 1225 2495 pagina-

127 2537 197 2577 rum
206 2534 259 2577 ors
269 2516 448 2594 inscriptum
458 2515 604 2590 exstabat,
627 2515 791 2575 abscissmn
804 2518 903 2594 periit.
947 2518 1000 2596 qui
1012 2518 1039 2574 si
1051 2514 1090 2574 ad
1103 2536 1225 2576 auream

127 2629 257 2680 aetatem
285 2620 463 2697 pertineret,
496 2618 558 2681 leri
582 2619 703 2695 negotio
725 2626 755 2675 et
777 2618 902 2675 minime
927 2615 1084 2683 fallacibus
1097 2615 1225 2679 ,indiciis

126 2730 354 2802 agnosceretur:
375 2721 407 2778 in
422 2721 512 2778 ferrei
525 2721 591 2778 aeri
601 2720 716 2793 limine,
730 2717 972 2799 temporibusque
987 2698 1114 2798 quorism
1126 2720 1224 2781 omnis
1330 2710 1333 2715 ¹

125 2825 291 2885 accuratior
299 2825 407 2893 notitia
418 2820 584 2897 intercidit,
608 2816 688 2879 nihil
699 2821 770 2879 certi
781 2829 910 2881 statuere
924 2821 1042 2896 liceret,
1063 2823 1124 2880 nisi
1135 2822 1223 2881 unico

122 2930 264 2989 fortunae
284 2944 409 2987 munere
430 2933 660 2984 monmneutum
676 2924 709 2981 in
726 2923 825 2983 lucem
841 2921 989 3002 prodisset
1003 2922 1085 3005 quod
1100 2944 1222 2985 omnem

123 3030 341 3090 domitationem
354 3028 461 3091 tollere
476 3026 603 3087 videtur.
636 3031 743 3105 poetas
757 3027 810 3106 qui
824 3036 892 3105 post
906 3024 1116 3103 Claudianum,
1132 3029 1221 3087 aeuo

120 3153 189 3195 rem
209 3131 361 3211 publicam
381 3140 517 3207 tenente,
546 3132 579 3189 in
603 3131 763 3208 praecipuo
775 3127 899 3200 ‚honore
922 3130 1051 3204 fuerint,
1079 3127 1220 3189 Sidonius
1237 3154 1265 3209 p.
1282 3135 1335 3191 vn

121 3233 185 3317 (ad
198 3234 347 3309 Felicem,
370 3238 390 3299 9
407 3228 610 3311 278-302)
631 3241 692 3289 tres
704 3241 875 3303 enmueret3
898 3251 933 3289 ac
943 3231 1013 3288 licet
1025 3231 1150 3287 minime
1161 3225 1220 3289 du-

120 3340 210 3398 bium
224 3339 262 3397 sit
273 3337 364 3417 longe
376 3338 476 3416 plures
489 3333 597 3395 eodem
610 3354 683 3397 aero
698 3354 730 3393 se
743 3334 922 3392 canonibus
938 3331 1115 3405 delectasse,
1136 3332 1219 3389 iulu-

118 3443 201 3501 ciem
218 3450 320 3499 tamen
340 3441 452 3501 faceret
463 3443 615 3514 Arverno,
637 3434 753 3497 erudito
770 3456 842 3494 sane
859 3439 941 3510 rico,
962 3437 988 3493 si
1005 3434 1073 3514 quie
1086 3414 1219 3490 credere‘t

117 3541 272 3604 eiusmodi
283 3549 439 3623 potmsta,
461 3543 560 3624 qualia
573 3550 643 3600 sunt
656 3558 785 3619 quorum
796 3537 935 3618 reliquias
949 3535 999 3595 hic
1013 3536 1156 3613 legimus,
1180 3533 1218 3592 ab

116 3648 174 3705 illo
195 3647 296 3706 nendo
315 3646 424 3726 quibus
443 3644 509 3705 aliis
524 3640 693 3722 posthabita
709 3661 784 3700 esse.
827 3638 901 3699 dum
917 3660 987 3700 rero
998 3641 1077 3697 inter
1090 3635 1145 3695 hos
1160 3656 1217 3694 no-

116 3758 253 3807 strorum
269 3750 437 3807 maun
457 3756 608 3805 auctorem
631 3747 819 3827 quaerimus,
841 3738 1047 3802 excludendus
1063 3749 1107 3798 est
1122 3740 1216 3798 Boui-

118 3851 190 3908 sacii
205 3852 299 3911 cliens
311 3851 500 3913 Gallicanus:
519 3852 598 3907 iuter
612 3846 687 3911 duos
701 3849 753 3927 qui
764 3855 891 3921 restent,
913 3845 1105 3918 Quintianum
1117 3853 1146 3901 et
1160 3843 1215 3899 Hi-

113 3968 250 4031 spanum
270 3952 359 4015 illum
381 3968 475 4033 quem
492 3949 670 4015 sirmondus
686 3947 900 4013 Merobaudem
915 3967 979 4005 esse
995 3956 1079 4022 acute
1093 3945 1214 4003 intelle-

110 4056 181 4127 xit,
217 4055 323 4115 incerti
346 4053 579 4128 haesitaremus,
611 4054 670 4113 nisi
694 4050 777 4111 aliud
801 4028 1010 4130 argumentum
1031 4049 1212 4106 accessisset.

110 4175 192 4219 nam
208 4157 263 4223 ilie
285 4155 409 4237 quidem
430 4159 511 4225 aaa
530 4155 635 4215 laudes
653 4157 810 4229 cecinisse,
829 4151 883 4215 hic
899 4161 1012 4213 statuae
1027 4149 1213 4209 honoresu-

112 4268 183 4321 utus
200 4276 268 4319 esse
280 4257 407 4339 dicium,
427 4259 461 4323 id
477 4258 560 4342 quod
576 4270 734 4341 utrcumque
746 4261 779 4317 in
788 4256 964 4338 panegyrici
976 4261 1128 4312 auctorem
1142 4267 1215 4311 con-
