2750 4625
296 1084 506 1163 PETRI
554 1025 1136 1165 Mszzuccflnuuil

323 1256 325 1261 ’
452 1264 507 1329 ΔΙ)
536 1262 819 1331 cssulsslmm
842 1266 985 1332 VIRUM

171 1423 478 1516 munuum
535 1421 810 1514 mcosuu
846 1424 1264 1551 *usucmounu

529 1557 905 1647 Tulvunnuu

348 1746 422 1822 DE
462 1744 708 1823 CORIPPI
746 1746 1081 1825 IOHANNIDE

368 1965 370 1970 >
462 1925 487 1992 P
519 1928 550 1994 R
581 1929 609 1993 Δ
639 1928 667 1992 E
696 1928 723 1992 F
755 1928 782 1992 A
812 1927 841 1992 T
871 1925 888 1991 1
920 1925 961 1992 Ο.

615 2149 822 2162 ψ

168 2298 327 2407 Tandem
340 2342 575 2421 inconspectum
589 2345 706 2423 Tuum,
729 2345 899 2406 merissime
911 2344 978 2420 Vir,
1001 2342 1146 2424 corippus
1159 2343 1257 2419 Tuus,

164 2441 281 2502 tamdiu
303 2444 356 2504 abs
373 2445 421 2503 Te
442 2456 648 2525 exspectatus,
677 2451 771 2509 venit.
792 2468 888 2528 usque
909 2448 946 2506 ab
967 2445 1257 2522 annoenim1814‚

164 2566 234 2604 cum
256 2545 330 2605 Tibi
349 2545 530 2607 indicassem
552 2547 635 2608 domi
653 2552 740 2610 Tuae
759 2552 792 2608 iu
814 2553 918 2609 Museo
942 2549 1135 2609 refertissimo
1157 2567 1257 2605 rerum

162 2650 444 2728 pretiosissimarum
463 2652 556 2711 latere
576 2650 686 2732 'poema
709 2650 787 2711 illud
809 2652 847 2710 de
866 2651 952 2711 bellu
970 2650 1112 2729 Libycis,
1142 2646 1264 2707 iamdiu·

163 2750 364 2810 desideratum
380 2771 399 2809 a
417 2754 553 2813 litteratis
575 2757 665 2830 viris,
695 2758 798 2814 statim
816 2754 987 2834 significasti
1003 2754 1121 2833 placere
1135 2752 1207 2811 Tibi
1221 2760 1257 2809 ut

161 2869 218 2929 ego
234 2850 311 2910 illud
325 2871 418 2932 quam
432 2856 564 2932 primum
577 2856 690 2932 publici
702 2860 774 2917 iuris
787 2858 928 2917 facerem.
949 2867 1022 2914 tuno
1034 2855 1163 2913 libenter
1173 2849 1256 2927 hunc

158 2954 294 3013 laborem
314 2956 449 3032 suscepi,
482 2974 522 3013 ne
547 2953 647 3014 dicam
665 2961 765 3036 potius
786 2968 900 3016 temere
921 2967 1010 3035 atque
1031 2948 1253 3031 imprudentem

162 3059 258 3135 primo
279 3075 409 3139 namque
433 3066 592 3136 conspectu
612 3056 721 3116 codicis
745 3078 807 3117 non
824 3053 1020 3114 animadverti
1041 3049 1170 3111 eundem
1188 3072 1253 3110 esse

110 3148 112 3157 ’
161 3157 360 3239 undequaque
379 3168 408 3216 et
419 3178 560 3218 mancum
575 3169 605 3219 et
617 3179 636 3217 a
650 3178 744 3217 manu
753 3157 977 3237 imperitissima
992 3151 1188 3233 descriptum,
1210 3154 1253 3212 ita

163 3271 198 3319 ut
213 3282 303 3341 opera
321 3259 468 3340 indigeret
487 3259 607 3320 editoris
629 3263 728 3341 magis
748 3263 848 3342 periti.
889 3261 926 3317 ln
941 3277 976 3316 eo
992 3253 1187 3315 exscribendo
1200 3274 1253 3314 so-

163 3363 319 3423 lummodo
334 3367 458 3444 cognovi
470 3384 531 3423 uon
548 3383 613 3422 esse
627 3385 702 3423 onus
713 3375 818 3444 aptum
829 3360 964 3420 humeris
980 3361 1072 3418 meis:
1100 3356 1154 3417 sed
1165 3358 1252 3417 nefas

162 3461 237 3521 duxi
254 3484 315 3523 non
334 3485 438 3543 parere
459 3467 548 3542 Tibi,
579 3469 626 3524 cui
646 3477 765 3525 tantum
782 3466 887 3525 debeo.
928 3482 1049 3541 possem
1065 3472 1129 3520 tam
1142 3463 1251 3540 longae

160 3584 262 3623 morae
285 3585 388 3625 causes
406 3568 508 3647 plures
528 3572 561 3626 in
575 3567 847 3644 medianarum,
874 3569 1041 3647 intorques
1057 3584 1119 3623 non
1133 3574 1250 3642 postre-

158 3686 244 3727 mum
265 3678 347 3726 tenet
365 3669 466 3727 locum
487 3672 587 3730 minus
610 3670 767 3731 commoda
785 3668 942 3745 valetudo,
975 3688 1035 3749 qua
1057 3686 1146 3744 saepe
1165 3676 1249 3724 utorz

158 3767 212 3828 sed
227 3789 296 3829 cum
307 3771 379 3829 Tibi
392 3768 516 3829 eaedem
532 3774 592 3830 sint
603 3773 695 3854 plane
711 3785 899 3854 perspectae,
921 3774 1014 3831 satius
1028 3771 1084 3828 erit
1100 3789 1150 3828 eas
1161 3789 1250 3848 prae-

155 3873 260 3947 terire,
289 3875 381 3933 etiam
398 3892 437 3931 ne
457 3875 524 3933 aliis
542 3873 647 3935 videar
661 3881 760 3957 potius
779 3875 950 3934 tarditatem
966 3875 1081 3951 ingenii
1094 3875 1156 3931 mei
1171 3872 1250 3930 velle

156 3977 200 4034 sic
214 3974 365 4053 obtegere.
412 3988 503 4059 atque
518 3980 599 4037 illico
618 3983 783 4040 orationem
801 3986 972 4039 convertam
993 3973 1032 4033 ad
1054 3995 1089 4034 ea
1111 3974 1263 4032 brevibusv

155 4095 306 4159 quamque
324 4080 498 4158 planissime
520 4091 626 4161 potero
647 4079 844 4160 explicanda,
872 4099 950 4160 quae
970 4079 1018 4137 Te
1038 4081 1118 4137 sensi
1141 4097 1249 4155 cupere

155 4178 288 4258 edoceri,
318 4200 454 4263 quaeque
473 4180 553 4240 tradi
572 4183 630 4243 sibi
647 4186 742 4243 lector
756 4186 820 4242 iure
838 4178 1059 4263 quodammodo
1074 4180 1205 4259 postulat
1216 4179 1249 4235 in

176 4278 238 4342 ditu
258 4284 324 4363 ipso
343 4286 442 4365 operis
457 4285 631 4362 cuiuslibet,
661 4282 743 4367 quod
760 4287 857 4365 primo
878 4303 917 4343 ex
931 4284 1056 4344 vetustis
1072 4281 1202 4341 tenebris
1216 4281 1250 4337 in
