2750 4625
590 193 836 266 maranno
1179 222 1265 272 xxm

163 359 641 440 massmanno,
660 367 780 446 Papiae
795 367 957 437 clitonem,
981 365 1027 427 Io.
1042 364 1165 446 Aloyo'i
1183 370 1262 429 Gui-

159 461 278 532 doborsi
297 464 392 520 mtto
415 466 531 543 inupti.
584 463 699 528 ibidem
721 481 822 532 autera
844 470 970 536 occurrit
989 471 1179 548 peculiariter
1199 494 1260 532 vox

162 564 319 645 bs‘sqttt'ttt‘,
352 584 411 647 qua
433 568 516 627 solus
536 567 682 648 Catipptts
701 573 828 630 sortasse
849 591 920 630 usas
941 573 1048 630 irrotat.
1091 573 1171 644 into,
1200 574 1258 634 nisi

159 686 231 726 maa
248 687 302 726 me
317 668 398 730 fallit
414 671 537 748 aphau,
566 669 731 732 Mediolani
749 694 868 754 semper
890 674 948 734 fuit
968 674 1178 738 Trivultianus
1198 676 1257 736 co·

148 770 243 849 rippl
265 767 371 829 codex.
414 789 485 830 aum
507 773 607 848 anna,
644 787 677 833 ut
696 786 787 856 puto,
803 784 876 838 'una
896 796 965 834 clun
983 777 1052 838 aliis
1072 775 1226 836 codicibus
1239 799 1257 836 a

159 871 277 936 wart·
296 869 532 934 moderatoribus
555 876 686 938 fabricae
704 879 811 959 templi
828 880 950 938 maioris
964 877 1127 937 Mediolani
1146 883 1256 940 coemit

160 993 236 1035 arus
246 976 350 1048 Tuus,
374 975 538 1041 clarissima
552 975 702 1039 tolnnnes
713 982 831 1056 laccho,
853 976 987 1040 marchio
1001 998 1110 1058 nempe
1120 982 1255 1042 Alexan-

150 1074 216 1135 der
226 1073 407 1136 Theodorum
421 1079 605 1153 Trlvultius‚
630 1079 668 1142 da
685 1083 794 1142 litteris
808 1080 884 1141 adeo
899 1082 976 1140 beue
990 1084 1131 1155 meritus,
1155 1094 1187 1140 ut
1207 1093 1254 1141 te·

160 1189 276 1240 staatur
297 1180 400 1259 plures
419 1200 459 1239 ex
474 1183 721 1260 praeclarissmi:
740 1185 852 1244 saeculi
870 1185 1032 1263 superioris
1052 1184 1254 1262 scriptoribus,

158 1282 477 1357 tetrartemoria,
515 1285 639 1362 (iarius,
672 1284 771 1346 Guido
793 1287 946 1346 Ferrarius
965 1286 1093 1367 aliique,
1132 1287 1185 1367 qui
1204 1288 1255 1346 rel

157 1401 251 1465 opera
264 1382 365 1443 eidem
379 1382 553 1446 dicaveram
565 1389 615 1446 val
630 1385 669 1447 da
682 1409 718 1448 eo
731 1390 917 1458 mentionem
926 1389 959 1446 in
973 1390 1036 1450 arria
1048 1389 1167 1467 scriptis
1181 1389 1254 1447 reli-

157 1495 303 1570 quenurt3
344 1505 402 1546 nec
420 1507 479 1548 non
502 1488 573 1548 libri
591 1488 759 1550 Mediolani
780 1493 918 1571 bupresti
937 1492 1083 1572 irnpaasis
1101 1491 1253 1554 wcietatis

156 1590 330 1664 Palatinae,
365 1590 414 1648 orti
435 1589 498 1647 iera
516 1604 652 1669 praeerat
671 1605 821 1677 quamque
836 1591 996 1676 aliquando
1012 1590 1253 1654 estnroderatus.

157 1712 228 1751 mm
238 1694 271 1751 iu
284 1692 362 1759 Vivi⁸
376 1701 455 1750 ⁰⁸⁸<st
468 1693 670 1773 Hieronymo
683 1707 808 1777 patruus
823 1697 929 1771 Tuus,
952 1696 1129 1764 cantantum
1144 1693 1252 1768 debeo,

154 1805 259 1875 utpote
279 1796 333 1877 qui
350 1814 402 1854 mo
423 1795 479 1853 sub
493 1796 595 1862 Tuam
609 1797 782 1864 clientelam
796 1818 862 1864 ease
877 1801 992 1873 voluit,
1022 1799 1161 1859 narrabat
1173 1794 1250 1856 mibi

151 1898 291 1966 codicem
302 1897 392 1958 illum
404 1899 568 1976 ingentem,
587 1901 640 1982 qui
652 1901 784 1968 continet
800 1902 942 1981 epistolas
953 1902 1105 1962 Francisci
1117 1897 1250 1974 Philam,

148 2023 213 2085 qno
233 2021 307 2062 usas
325 2011 371 2062 ast
387 2003 559 2064 Rouninius
580 2004 612 2061 in
636 2001 809 2062 adornanda
827 2000 918 2072 buius
935 2006 1019 2075 wia,
1053 2004 1098 2063 sic
1113 2012 1249 2081 carptum

147 2107 246 2166 fuisse
264 2124 326 2162 una
348 2123 417 2168 oum
434 2103 549 2186 aliquot
569 2105 638 2170 allis
658 2102 827 2179 codicibus,
856 2107 909 2187 qui
929 2107 961 2163 in
983 2101 1084 2164 archio
1102 2102 1247 2184 praedicti

149 2208 260 2287 templi
271 2206 419 2268 iacebant.
462 2209 540 2267 irater
555 2206 646 2268 hosca
668 2218 771 2267 autern
786 2207 912 2267 coniicio
925 2207 1019 2274 fuisse
1030 2208 1152 2285 corippi
1168 2227 1245 2292 qno-

141 2333 210 2396 que
231 2331 291 2375 tut·
334 2311 448 2379 etenira
466 2308 630 2386 ondam,
662 2308 824 2375 ucham
842 2321 873 2370 et
893 2330 994 2371 comas
1011 2306 1245 2381 blazauoirellius

145 2415 241 2482 illurn
253 2425 429 2472 enumerant
441 2415 521 2474 luter
539 2412 657 2475 codices
676 2433 750 2495 qnos
771 2411 942 2494 praedictus
957 2412 1091 2478 marchio
1105 2412 1244 2494 possida-

149 2517 221 2591 δαίς
248 2535 419 2598 quanquam
434 2534 557 2589 ornnes,
587 2534 664 2583 rmus
684 2526 754 2595 post
768 2516 879 2590 alima,
909 2517 1071 2573 erraverim
1083 2517 1115 2577 in
1131 2514 1243 2579 deacri-

146 2618 251 2679 bendo
267 2616 340 2702 quid
359 2618 414 2682 ille
435 2619 609 2688 contineret.
650 2637 714 2675 non
734 2618 864 2675 mrdtum
884 2625 954 2677 aute
976 2634 1090 2684 arntiam
1108 2617 1190 2680 1752
1210 2616 1243 2673 in

150 2732 328 2805 potestaten
339 2722 402 2781 iant
416 2716 530 2787 laudati
543 2715 726 2779 marchionis
733 2719 876 2785 Trirultii
887 2712 1040 2779 transiisse
1048 2715 1141 2779 -hooe
1157 2713 1243 2799 codi-

146 2846 202 2885 ces
214 2834 327 2883 comtat
338 2834 405 2882 trun
420 2819 679 2897 saumariorum
693 2841 732 2881 ex
745 2820 891 2883 Zacharia
908 2824 986 2889 baira
1000 2819 1138 2889 citandis.
1188 2819 1242 2877 ille

142 2947 279 3009 namque
297 2924 482 2993 molitionem
504 2925 623 2989 nullam
640 2925 753 2983 iecerat
771 2923 837 2984 lob.
862 2925 900 2983 de
913 2927 1005 2985 Bonis
1020 2936 1093 2985 tout.
1111 2926 1130 2985 6
1145 2918 1195 2979 ed.
1211 2940 1241 2979 a.

142 3033 242 3106 1749,
255 3026 311 3088 sed
324 3039 441 3094 tantrnu
451 3029 484 3087 in
498 3025 710 3089 additamentis
726 3024 766 3087 ad
781 3024 911 3089 eurrdem
926 3038 1042 3091 tomam
1055 3024 1145 3084 editis
1159 3035 1241 3087 tomo

140 3129 336 3214 ‘Ipnedicto
358 3150 388 3189 a.
410 3129 501 3197 1762.
544 3131 620 3188 alter
638 3148 709 3187 vero
729 3125 787 3185 hoc
811 3127 919 3189 eodem
939 3148 1018 3187 armo
1036 3148 1099 3194 nrss
1122 3124 1240 3185 corliccr

90 3265 98 3275 ·
144 3234 271 3297 eosdem
284 3244 372 3298 root
388 3252 497 3295 notum
509 3229 655 3291 librorum
670 3229 904 3308 supellectilem,
939 3251 1002 3311 qua
1017 3229 1239 3291 rekctiaerioam

138 3336 356 3407 bibliothecam
365 3356 453 3395 arram
465 3332 547 3396 idem
558 3329 692 3399 marollio
705 3345 831 3390 wat
838 3376 849 3405 ‚
878 3354 947 3397 oran
959 3343 1061 3398 tamen
1073 3327 1236 3401 Mediolani

138 3438 323 3501 Zachanatn
341 3440 489 3501 exstitisse
509 3446 611 3516 pateat
631 3455 650 3497 a
669 3436 748 3495 festo
762 3439 941 3515 pentecostis
963 3435 1149 3507 Chrirtianae
1164 3431 1236 3489 nuri

140 3541 228 3609 1747
241 3560 336 3624 mque
350 3540 396 3601 “d
406 3538 552 3609 kalmtht
565 3539 729 3607 JWW!
743 3542 814 3607 tulli,
826 3540 1051 3622 subsequentia
1072 3533 1153 3619 quod
1171 3534 1236 3592 col-

139 3647 206 3724 ligo
220 3664 261 3705 ax
273 3664 340 3724 cap.
354 3647 374 3708 7
389 3645 437 3707 sui
450 3643 605 3701 Excnrsrcr
618 3642 760 3700 litterarii
770 3663 801 3721 p.
815 3646 868 3716 72,
890 3646 941 3716 90,
964 3643 1016 3715 99,
1039 3642 1100 3703 120
1113 3648 1170 3697 etc.

226 3744 392 3819 undrim
428 3744 481 3829 qui
502 3742 686 3810 marchionis
709 3745 853 3804 Trimltii
875 3743 1032 3801 iarrriliaris
1054 3751 1085 3799 et
1105 3741 1142 3797 ab
1168 3738 1234 3799 eius

141 3846 323 3909 bibliotheca
343 3848 420 3922 suit,
456 3857 539 3912 tomo
558 3852 579 3912 7
610 3868 664 3907 seu
683 3849 716 3916 in
736 3844 884 3905 addendis
903 3844 942 3904 ad
958 3865 1033 3925 opus
1056 3846 1232 3923 inscriptum

143 3950 247 4010 Stoi-iu
266 3973 283 4009 e
300 3951 425 4031 ragione
447 3947 484 4011 d'
504 3949 578 4028 ogni
593 3951 698 4029 poetro
718 3968 750 4029 p.
770 3951 833 4015 266
861 3959 892 4007 et
917 3969 982 4031 seq.
1005 3945 1080 4006 haec
1101 3944 1232 4026 reliquit.

134 4041 314 4112 “Giorarrni
325 4052 364 4113 de
376 4054 468 4112 Btmis
482 4050 514 4110 di
526 4054 638 4111 Arazzo
660 4051 763 4110 fioriva
780 4054 899 4111 intorno
919 4052 949 4109 al
970 4050 1029 4109 fine
1042 4047 1091 4106 del
1102 4044 1231 4106 tradice-

132 4155 218 4213 sinro
231 4156 342 4217 recolo.
385 4153 444 4215 due
458 4151 569 4216 diversi
586 4152 682 4215 codici
694 4155 721 4214 si
735 4165 858 4215 trovam
872 4153 953 4212 nella
967 4147 1019 4231 piri
1035 4149 1115 4210 rolte
1131 4144 1169 4206 da
1182 4166 1231 4205 me
