2750 4625
408 293 673 364 totttlutmos
697 294 777 363 LIB.
801 295 860 362 lv.
1130 293 1178 367 75
1209 306 1213 315 '

168 459 303 524 mundus
317 459 416 523 adbuc
430 456 513 523 rudis
526 472 556 523 et
568 462 668 543 parvis
679 452 736 523 vix
748 462 845 523 laetus
857 461 954 523 cristis
995 508 1001 521 .

98 566 145 635 96
168 585 233 625 nou
246 568 343 646 potnit
356 563 579 646 portatedu013
598 584 660 624 uon
672 566 805 625 maxima
818 585 928 625 renum

44 670 53 683 ’
169 670 281 743 Roma,
302 688 397 729 noros
410 669 530 748 proprio
543 686 621 747 quae
633 668 741 727 sanxit
751 669 898 747 sangiune
911 686 1023 727 muros.

171 771 290 831 aemule
307 770 450 831 dividitur
463 770 586 831 corifusa
598 780 699 829 mente
711 771 867 844 voluntem

172 872 397 955 despiciensque
409 891 514 953 parem
527 869 639 932 discors
651 873 816 951 permansit
827 881 964 952 uterque.

172 973 314 1034 dividitur
330 976 464 1055 geminas
478 975 556 1032 iuter
567 992 615 1033 res
626 974 747 1053 publice
759 983 875 1052 partesc

79 1083 149 1145 1oe
170 1079 296 1160 quisque
307 1096 377 1136 suos
387 1085 509 1135 tenuere
523 1073 630 1149 duces3
655 1073 788 1156 dumque
801 1076 854 1135 iile
869 1076 1015 1156 superbos

170 1199 205 1240 se
217 1181 348 1259 primum
359 1197 424 1238 esee
435 1187 536 1256 putat,
556 1196 617 1237 nou
631 1198 665 1237 se
678 1187 780 1237 tamen
792 1179 846 1237 ille
857 1178 1033 1252 seecundum,

170 1283 271 1342 Africa
283 1281 443 1340 bubulcis
453 1280 572 1360 planxit
585 1279 699 1339 nudata
712 1281 835 1360 rapinis.

169 1383 326 1444 ducwrum
336 1383 436 1457 iussu,
458 1383 565 1441 merito
576 1383 721 1464 fortisque
733 1381 887 1458 Iohannis,

167 1496 320 1546 tentavere
335 1483 416 1544 feros
428 1486 532 1566 aequis
544 1504 605 1544 non
616 1486 752 1565 partibus
764 1483 884 1546 hostes:

59 1659 62 1667 ¹
82 1588 146 1656 105
166 1586 223 1650 sed
236 1589 306 1648 victi
317 1588 430 1668 petiere
443 1586 558 1666 fugam.
600 1583 747 1649 discordia
760 1590 870 1648 mentis

166 1692 238 1752 'vicit
252 1709 353 1750 amare
364 1691 455 1749 viros.
497 1709 599 1749 rursus
613 1687 677 1749 dux
686 1693 752 1770 ipse
764 1688 914 1750 lohannes

168 1797 254 1875 signu
268 1812 392 1854 movens
406 1791 514 1853 densos
526 1794 581 1851 irit
593 1795 755 1852 moriturus
767 1794 800 1852 iu
811 1791 923 1855 hostes.

167 1898 294 1957 confisus
305 1896 414 1953 virtute
426 1912 496 1968 sua,
517 1895 669 1976 fortesque
683 1895 818 1957 tribunos

168 2019 271 2059 mcum
286 1994 326 2058 ad
339 1996 420 2055 belia
433 1993 554 2055 trahens
561 2018 576 2072 ,·
590 2000 682 2057 tantis
698 2016 871 2058 concurrere
883 1999 1023 2057 monstris

82 2104 144 2168 110
165 2120 226 2160 non
240 2101 351 2159 timuit.
396 2096 488 2158 durae
501 2102 678 2179 contempsit
691 2102 816 2160 vulnero
828 2102 931 2159 mortis

165 2222 220 2283 pro
232 2204 327 2283 patria
342 2194 497 2261 contentus
512 2220 605 2260 amor.
647 2205 794 2281 persensit
807 2211 841 2259 ut
853 2197 948 2261 hostis

167 2303 329 2366 adrentum
343 2324 502 2383 properare
516 2303 590 2379 feri,
611 2323 673 2364 non
686 2306 807 2385 segnior
821 2304 873 2365 ille

167 2409 294 2491 (sponte
305 2409 381 2487 petit
392 2403 540 2485 mortem)
561 2410 675 2487 cumpis
687 2428 741 2468 suu
756 2408 841 2486 signa
854 2407 973 2481 locavit,

165 2522 197 2570 et
211 2512 299 2570 sociis
314 2510 357 2568 sic
369 2508 463 2567 fretus
478 2510 529 2568 ait.
569 2502 771 2569 ‘contemnere
786 2510 880 2567 vitam

83 2613 143 2681 116
162 2633 217 2694 pro
229 2613 340 2692 petria,
361 2608 437 2669 haec
451 2620 496 2670 est
511 2613 571 2670 rita
584 2613 693 2689 magis.
735 2630 817 2670 mors
830 2612 898 2689 iege
911 2613 1041 2669 tonantis

163 2713 296 2774 hunuano
308 2714 369 2772 iate
383 2723 428 2772 est
439 2714 560 2792 generi,
580 2732 638 2771 neo
652 2716 795 2792 praeterit
807 2714 921 2772 ullumt

163 2837 236 2876 nem
248 2818 348 2876 reniet
361 2835 538 2896 quocunque
554 2812 657 2874 modo.
700 2812 755 2873 sed
766 2817 871 2875 mortis
885 2813 1026 2875 honestae

163 2938 299 3004 summus
312 2916 409 2979 honor
423 2937 618 2998 summusque
631 2917 719 2978 feror
734 2915 889 3000 dulcisque
903 2917 1011 2997 cupido
1023 2929 1079 2979 est.

163 3017 258 3080 bostis
272 3019 373 3095 adeat,
395 3022 478 3080 socii.
521 3022 659 3101 quotiens
673 3021 826 3101 fugiemus
842 3024 973 3081 amicum

79 3124 142 3187 120
161 3123 265 3181 Martis
278 3119 375 3202 opusi
418 3123 555 3204 quotiens
567 3122 710 3202 fugitivos
724 3122 819 3184 rideat
832 3121 927 3183 hostis

161 3224 359 3306 imbellesque
373 3223 482 3304 puteti
523 3244 603 3284 nuuc
619 3235 664 3285 est
676 3236 793 3286 tentare
809 3224 883 3306 quid
896 3227 996 3296 instet,

161 3346 242 3386 nuno
255 3328 372 3386 virtutis
386 3346 472 3406 opus.
514 3344 633 3406 semper
644 3324 722 3386 mihi
735 3331 853 3407 cognita
866 3330 962 3387 virtus

161 3439 276 3504 restra,
297 3430 372 3506 viri,
394 3447 571 3509 semperque
583 3426 669 3487 fides.
712 3431 895 3508 consurgite,
917 3430 996 3486 circs

158 3531 306 3609 Romani,
326 3551 380 3612 pro
392 3529 482 3591 laude
494 3532 556 3611 pii,
576 3539 740 3612 gentesque
753 3531 896 3612 superbas

76 3630 138 3697 125
159 3631 299 3711 frangite.
341 3636 402 3693 iam
412 3644 534 3692 -tautmu
549 3631 674 3693 ducibus
689 3645 838 3695 removete
852 3631 1009 3715 pudorem.

160 3734 210 3792 fac
225 3753 281 3794 uos
296 3734 375 3794 velle
392 3736 515 3820 fugam:
535 3735 679 3814 fugitivos
693 3739 816 3795 conterit
828 3735 924 3798 hostis

159 3834 291 3895 feminee
304 3857 386 3898 nuno
399 3848 496 3898 morte
509 3840 599 3898 viros.
642 3840 804 3897 convertite
819 3849 946 3911 menter,

160 3946 190 3995 et
202 3940 309 4017 procul
320 3957 339 3999 a
350 3943 460 4001 uostris
475 3937 608 3999 diecedat
622 3936 753 4000 dedecus
766 3939 892 4000 umbris.

159 4057 178 4097 o
192 4041 310 4101 utinam
320 4042 403 4104 ferus
417 4044 469 4102 ille
483 4043 560 4102 meis
575 4051 741 4101 occurreret
753 4042 845 4102 armis

74 4186 276 4246 „adimi”
384 4189 593 4246 ibicimoxbss’
705 4188 867 4247 tormen
982 4183 1178 4246 rocroort!

77 4256 246 4314 tutudit*
329 4259 651 4328 tenerenturne?
728 4255 922 4314 maronie?
999 4254 1172 4313 ttcnoue‘r
