<?xml version="1.0" encoding="UTF-8"?>
<!DOCTYPE html PUBLIC "-//W3C//DTD XHTML 1.0 Transitional//EN"
    "http://www.w3.org/TR/xhtml1/DTD/xhtml1-transitional.dtd">
<html xmlns="http://www.w3.org/1999/xhtml" xml:lang="en" lang="en">
 <head>
  <title>
</title>
<meta http-equiv="Content-Type" content="text/html;charset=utf-8" />
  <meta name='ocr-system' content='tesseract 3.04.00' />
  <meta name='ocr-capabilities' content='ocr_page ocr_carea ocr_par ocr_line ocrx_word'/>
</head>
<body>
  <div class='ocr_page' id='page_1' title='image "./merobaudesetcor00corigoog_0423.png"; bbox 0 0 2750 4625; ppageno 0'>
   <div class='ocr_carea' id='block_1_1' title="bbox 444 329 1234 404">
    <p class='ocr_par' dir='ltr' id='par_1_1' title="bbox 444 329 1234 404">
     <span class='ocr_line' id='line_1_1' title="bbox 444 329 1234 404; baseline 0.005 -5"><span class='ocrx_word' id='word_1_1' title='bbox 444 331 503 399; x_wconf 87' lang='lat' dir='ltr'><strong>DE</strong></span> <span class='ocrx_word' id='word_1_2' title='bbox 527 329 734 399; x_wconf 75' lang='lat' dir='ltr'><strong>sanemus</strong></span> <span class='ocrx_word' id='word_1_3' title='bbox 758 329 927 400; x_wconf 81' lang='lat' dir='ltr'><strong>lUSTINI·</strong></span> <span class='ocrx_word' id='word_1_4' title='bbox 1159 332 1234 404; x_wconf 82' lang='grc'><strong>329</strong></span> 
     </span>
    </p>
   </div>
   <div class='ocr_carea' id='block_1_2' title="bbox 82 497 1263 2031">
    <p class='ocr_par' dir='ltr' id='par_1_2' title="bbox 82 497 1263 1926">
     <span class='ocr_line' id='line_1_2' title="bbox 138 497 1235 580; baseline -0.002 -17"><span class='ocrx_word' id='word_1_5' title='bbox 138 522 208 563; x_wconf 81' lang='lat' dir='ltr'><strong>ren.</strong></span> <span class='ocrx_word' id='word_1_6' title='bbox 224 503 258 565; x_wconf 90' lang='grc'><strong>13</strong></span> <span class='ocrx_word' id='word_1_7' title='bbox 280 520 350 559; x_wconf 79' lang='lat' dir='ltr'><strong>cum</strong></span> <span class='ocrx_word' id='word_1_8' title='bbox 362 501 459 560; x_wconf 72' lang='lat' dir='ltr'><strong>veniet</strong></span> <span class='ocrx_word' id='word_1_9' title='bbox 472 510 591 571; x_wconf 83' lang='lat' dir='ltr'><strong>contro,</strong></span> <span class='ocrx_word' id='word_1_10' title='bbox 612 498 707 580; x_wconf 76' lang='lat' dir='ltr'><strong>digito</strong></span> <span class='ocrx_word' id='word_1_11' title='bbox 721 519 870 579; x_wconf 81' lang='lat' dir='ltr'><strong>compesce</strong></span> <span class='ocrx_word' id='word_1_12' title='bbox 882 497 1036 559; x_wconf 74' lang='lat' dir='ltr'><strong>labellum.</strong></span> <span class='ocrx_word' id='word_1_13' title='bbox 1081 498 1235 580; x_wconf 71' lang='lat' dir='ltr'>praesides</span> 
     </span>
     <span class='ocr_line' id='line_1_3' title="bbox 138 583 1235 666; baseline -0.001 -19"><span class='ocrx_word' id='word_1_14' title='bbox 138 588 347 647; x_wconf 74' lang='lat' dir='ltr'><strong>taciturnitatis</strong></span> <span class='ocrx_word' id='word_1_15' title='bbox 371 584 415 645; x_wconf 91' lang='lat' dir='ltr'><strong>dii</strong></span> <span class='ocrx_word' id='word_1_16' title='bbox 436 583 517 666; x_wconf 90' lang='lat' dir='ltr'><strong>apud</strong></span> <span class='ocrx_word' id='word_1_17' title='bbox 538 587 705 665; x_wconf 81' lang='lat' dir='ltr'><strong>Aegyptios</strong></span> <span class='ocrx_word' id='word_1_18' title='bbox 727 589 942 666; x_wconf 84' lang='lat' dir='ltr'><strong>Harpocrates,</strong></span> <span class='ocrx_word' id='word_1_19' title='bbox 981 583 1063 666; x_wconf 86' lang='lat' dir='ltr'><strong>apud</strong></span> <span class='ocrx_word' id='word_1_20' title='bbox 1083 589 1235 646; x_wconf 74' lang='lat' dir='ltr'><strong>Romanos</strong></span> 
     </span>
     <span class='ocr_line' id='line_1_4' title="bbox 137 669 1237 752; baseline -0.001 -19"><span class='ocrx_word' id='word_1_21' title='bbox 137 677 314 752; x_wconf 73' lang='lat' dir='ltr'>Angerona,</span> <span class='ocrx_word' id='word_1_22' title='bbox 343 670 507 730; x_wconf 78' lang='lat' dir='ltr'><strong>simulacro</strong></span> <span class='ocrx_word' id='word_1_23' title='bbox 521 691 570 728; x_wconf 80' lang='lat' dir='ltr'><strong>ore</strong></span> <span class='ocrx_word' id='word_1_24' title='bbox 586 669 742 751; x_wconf 51' lang='lat' dir='ltr'><strong>obsignato</strong></span> <span class='ocrx_word' id='word_1_25' title='bbox 756 669 917 730; x_wconf 82' lang='lat' dir='ltr'><strong>habebant.</strong></span> <span class='ocrx_word' id='word_1_26' title='bbox 962 672 1041 729; x_wconf 87' lang='lat' dir='ltr'><strong>Plin.</strong></span> <span class='ocrx_word' id='word_1_27' title='bbox 1058 672 1129 748; x_wconf 81' lang='grc'><strong>86,</strong></span> <span class='ocrx_word' id='word_1_28' title='bbox 1152 682 1237 732; x_wconf 82' lang='lat' dir='ltr'><strong>etex</strong></span> 
     </span>
     <span class='ocr_line' id='line_1_5' title="bbox 138 754 1236 837; baseline -0.003 -19"><span class='ocrx_word' id='word_1_29' title='bbox 138 779 175 818; x_wconf 90' lang='lat' dir='ltr'><strong>eo</strong></span> <span class='ocrx_word' id='word_1_30' title='bbox 198 759 320 818; x_wconf 86' lang='lat' dir='ltr'><strong>Solinus</strong></span> <span class='ocrx_word' id='word_1_31' title='bbox 335 754 517 837; x_wconf 84' lang='lat' dir='ltr'><strong>Polyhistor.</strong></span> <span class='ocrx_word' id='word_1_32' title='bbox 540 776 566 815; x_wconf 92' lang='lat' dir='ltr'><strong>c.</strong></span> <span class='ocrx_word' id='word_1_33' title='bbox 588 761 618 821; x_wconf 89' lang='lat'><strong>1.</strong></span> <span class='ocrx_word' id='word_1_34' title='bbox 661 755 750 817; x_wconf 80' lang='lat' dir='ltr'><strong>ovid.</strong></span> <span class='ocrx_word' id='word_1_35' title='bbox 766 758 966 820; x_wconf 61' lang='lat' dir='ltr'><strong>Maternum:</strong></span> <span class='ocrx_word' id='word_1_36' title='bbox 995 757 1106 836; x_wconf 85' lang='lat' dir='ltr'><strong>quique</strong></span> <span class='ocrx_word' id='word_1_37' title='bbox 1124 761 1236 834; x_wconf 82' lang='lat' dir='ltr'><strong>premit</strong></span> 
     </span>
     <span class='ocr_line' id='line_1_6' title="bbox 137 840 1263 925; baseline -0.001 -22"><span class='ocrx_word' id='word_1_38' title='bbox 137 864 253 916; x_wconf 67' lang='lat' dir='ltr'><strong>vocem,</strong></span> <span class='ocrx_word' id='word_1_39' title='bbox 276 844 429 923; x_wconf 76' lang='lat' dir='ltr'><em>digitoque</em></span> <span class='ocrx_word' id='word_1_40' title='bbox 442 841 560 899; x_wconf 64' lang='grc' dir='ltr'><strong><em>οὕαιιία</em></strong></span> <span class='ocrx_word' id='word_1_41' title='bbox 577 843 693 902; x_wconf 82' lang='lat' dir='ltr'><strong>suadet.</strong></span> <span class='ocrx_word' id='word_1_42' title='bbox 737 845 851 903; x_wconf 76' lang='lat' dir='ltr'><strong>Ancon.</strong></span> <span class='ocrx_word' id='word_1_43' title='bbox 869 861 917 921; x_wconf 86' lang='lat' dir='ltr'><strong>ep.</strong></span> <span class='ocrx_word' id='word_1_44' title='bbox 934 840 974 905; x_wconf 83' lang='grc'><strong>25</strong></span> <span class='ocrx_word' id='word_1_45' title='bbox 991 840 1031 899; x_wconf 86' lang='lat' dir='ltr'><strong>sd</strong></span> <span class='ocrx_word' id='word_1_46' title='bbox 1043 841 1234 902; x_wconf 88' lang='lat' dir='ltr'><strong>Paullinum:</strong></span> <span class='ocrx_word' id='word_1_47' title='bbox 1257 912 1263 925; x_wconf 93' lang='lat'><strong>.</strong></span> 
     </span>
     <span class='ocr_line' id='line_1_7' title="bbox 137 924 1236 1009; baseline -0.001 -22"><span class='ocrx_word' id='word_1_48' title='bbox 137 941 194 988; x_wconf 79' lang='lat' dir='ltr'><strong>out</strong></span> <span class='ocrx_word' id='word_1_49' title='bbox 208 939 263 986; x_wconf 81' lang='lat' dir='ltr'><strong>tua</strong></span> <span class='ocrx_word' id='word_1_50' title='bbox 279 927 419 1008; x_wconf 69' lang='lat' dir='ltr'><strong>Sigolron</strong></span> <span class='ocrx_word' id='word_1_51' title='bbox 431 927 604 1007; x_wconf 61' lang='lat' dir='ltr'><strong>Aegyptius</strong></span> <span class='ocrx_word' id='word_1_52' title='bbox 615 927 719 987; x_wconf 81' lang='lat' dir='ltr'><strong>oscula</strong></span> <span class='ocrx_word' id='word_1_53' title='bbox 733 929 839 1009; x_wconf 72' lang='lat' dir='ltr'><strong>regnet</strong></span> <span class='ocrx_word' id='word_1_54' title='bbox 876 946 943 985; x_wconf 85' lang='lat' dir='ltr'><strong>snos</strong></span> <span class='ocrx_word' id='word_1_55' title='bbox 956 924 1109 986; x_wconf 86' lang='lat' dir='ltr'><strong>indicendi</strong></span> <span class='ocrx_word' id='word_1_56' title='bbox 1123 928 1236 986; x_wconf 87' lang='lat' dir='ltr'><strong>silentii</strong></span> 
     </span>
     <span class='ocr_line' id='line_1_8' title="bbox 137 1011 1238 1095; baseline -0.004 -21"><span class='ocrx_word' id='word_1_57' title='bbox 137 1017 251 1095; x_wconf 87' lang='lat' dir='ltr'><strong>optime</strong></span> <span class='ocrx_word' id='word_1_58' title='bbox 271 1014 308 1071; x_wconf 85' lang='lat' dir='ltr'><strong>ab</strong></span> <span class='ocrx_word' id='word_1_59' title='bbox 324 1013 453 1092; x_wconf 82' lang='lat' dir='ltr'><strong>Apuleio</strong></span> <span class='ocrx_word' id='word_1_60' title='bbox 475 1015 653 1092; x_wconf 78' lang='lat' dir='ltr'><strong>exprimitur</strong></span> <span class='ocrx_word' id='word_1_61' title='bbox 670 1014 770 1073; x_wconf 82' lang='lat' dir='ltr'><strong>Miles.</strong></span> <span class='ocrx_word' id='word_1_62' title='bbox 793 1017 829 1077; x_wconf 96' lang='grc'><strong>13</strong></span> <span class='ocrx_word' id='word_1_63' title='bbox 860 1012 989 1093; x_wconf 58' lang='lat' dir='ltr'><strong>Quum</strong></span> <span class='ocrx_word' id='word_1_64' title='bbox 1005 1011 1116 1090; x_wconf 79' lang='lat' dir='ltr'><strong>pollici</strong></span> <span class='ocrx_word' id='word_1_65' title='bbox 1129 1015 1238 1090; x_wconf 76' lang='lat' dir='ltr'><strong>prosi-</strong></span> 
     </span>
     <span class='ocr_line' id='line_1_9' title="bbox 139 1098 1233 1181; baseline 0 -24"><span class='ocrx_word' id='word_1_66' title='bbox 139 1120 224 1157; x_wconf 83' lang='lat' dir='ltr'><strong>mum</strong></span> <span class='ocrx_word' id='word_1_67' title='bbox 242 1101 289 1156; x_wconf 82' lang='lat' dir='ltr'><strong>ori</strong></span> <span class='ocrx_word' id='word_1_68' title='bbox 304 1098 479 1169; x_wconf 74' lang='grc' dir='ltr'><strong><em>αᾰαιοναισ,</em></strong></span> <span class='ocrx_word' id='word_1_69' title='bbox 508 1109 536 1156; x_wconf 87' lang='lat' dir='ltr'><strong>et</strong></span> <span class='ocrx_word' id='word_1_70' title='bbox 552 1100 586 1157; x_wconf 76' lang='lat' dir='ltr'><strong>irs</strong></span> <span class='ocrx_word' id='word_1_71' title='bbox 606 1111 757 1181; x_wconf 77' lang='lat' dir='ltr'><strong>stuporem</strong></span> <span class='ocrx_word' id='word_1_72' title='bbox 775 1100 932 1169; x_wconf 81' lang='lat' dir='ltr'><strong>attonitus,</strong></span> <span class='ocrx_word' id='word_1_73' title='bbox 954 1109 1019 1155; x_wconf 80' lang='lat' dir='ltr'><strong>tace</strong></span> <span class='ocrx_word' id='word_1_74' title='bbox 1041 1108 1106 1155; x_wconf 84' lang='lat' dir='ltr'><strong>tace</strong></span> <span class='ocrx_word' id='word_1_75' title='bbox 1124 1099 1233 1177; x_wconf 76' lang='lat' dir='ltr'><strong>inquit.</strong></span> 
     </span>
     <span class='ocr_line' id='line_1_10' title="bbox 139 1180 1238 1266; baseline -0.003 -22"><span class='ocrx_word' id='word_1_76' title='bbox 139 1184 315 1262; x_wconf 85' lang='lat' dir='ltr'><strong>simpliciter</strong></span> <span class='ocrx_word' id='word_1_77' title='bbox 326 1182 404 1243; x_wconf 81' lang='lat' dir='ltr'><strong>dixit</strong></span> <span class='ocrx_word' id='word_1_78' title='bbox 415 1185 554 1242; x_wconf 79' lang='lat' dir='ltr'><strong>Martiam</strong></span> <span class='ocrx_word' id='word_1_79' title='bbox 570 1182 692 1266; x_wconf 81' lang='lat' dir='ltr'><strong>Capella</strong></span> <span class='ocrx_word' id='word_1_80' title='bbox 706 1183 743 1244; x_wconf 88' lang='lat' dir='ltr'><strong>de</strong></span> <span class='ocrx_word' id='word_1_81' title='bbox 758 1194 843 1263; x_wconf 84' lang='lat' dir='ltr'><strong>nupt.</strong></span> <span class='ocrx_word' id='word_1_82' title='bbox 858 1180 989 1263; x_wconf 87' lang='lat' dir='ltr'><strong>physiol.</strong></span> <span class='ocrx_word' id='word_1_83' title='bbox 1008 1192 1038 1243; x_wconf 92' lang='lat' dir='ltr'><strong>et</strong></span> <span class='ocrx_word' id='word_1_84' title='bbox 1044 1185 1184 1241; x_wconf 82' lang='lat' dir='ltr'><strong>Mercurii</strong></span> <span class='ocrx_word' id='word_1_85' title='bbox 1196 1187 1238 1247; x_wconf 90' lang='grc'><strong>23</strong></span> 
     </span>
     <span class='ocr_line' id='line_1_11' title="bbox 138 1268 1238 1350; baseline 0.005 -24"><span class='ocrx_word' id='word_1_86' title='bbox 138 1270 233 1350; x_wconf 79' lang='lat' dir='ltr'><strong>digito</strong></span> <span class='ocrx_word' id='word_1_87' title='bbox 254 1268 385 1326; x_wconf 80' lang='lat' dir='ltr'><strong>solutori</strong></span> <span class='ocrx_word' id='word_1_88' title='bbox 403 1269 556 1327; x_wconf 63' lang='lat' dir='ltr'><strong>silentum</strong></span> <span class='ocrx_word' id='word_1_89' title='bbox 573 1268 786 1329; x_wconf 83' lang='lat' dir='ltr'><strong>commonebat.</strong></span> <span class='ocrx_word' id='word_1_90' title='bbox 830 1268 900 1329; x_wconf 86' lang='lat' dir='ltr'><strong>ride</strong></span> <span class='ocrx_word' id='word_1_91' title='bbox 917 1270 1028 1328; x_wconf 88' lang='lat' dir='ltr'><strong>Iulium</strong></span> <span class='ocrx_word' id='word_1_92' title='bbox 1045 1268 1201 1328; x_wconf 88' lang='lat' dir='ltr'><strong>Pollucem</strong></span> <span class='ocrx_word' id='word_1_93' title='bbox 1215 1273 1238 1332; x_wconf 88' lang='grc'><strong>2</strong></span> 
     </span>
     <span class='ocr_line' id='line_1_12' title="bbox 82 1351 1236 1435; baseline -0.006 -17"><span class='ocrx_word' id='word_1_94' title='bbox 82 1428 86 1433; x_wconf 27' lang='lat'><strong><em>¹</em></strong></span> <span class='ocrx_word' id='word_1_95' title='bbox 138 1353 160 1418; x_wconf 81' lang='grc'>4</span> <span class='ocrx_word' id='word_1_96' title='bbox 182 1357 234 1417; x_wconf 78' lang='grc'><strong>82.</strong></span> <span class='ocrx_word' id='word_1_97' title='bbox 265 1355 407 1414; x_wconf 80' lang='lat' dir='ltr'><strong>Dsuesr.</strong></span> <span class='ocrx_word' id='word_1_98' title='bbox 450 1356 496 1412; x_wconf 91' lang='lat' dir='ltr'><strong>ori</strong></span> <span class='ocrx_word' id='word_1_99' title='bbox 512 1355 601 1414; x_wconf 89' lang='lat' dir='ltr'><strong>unius</strong></span> <span class='ocrx_word' id='word_1_100' title='bbox 616 1354 706 1435; x_wconf 82' lang='lat' dir='ltr'><strong>digiti</strong></span> <span class='ocrx_word' id='word_1_101' title='bbox 716 1356 872 1434; x_wconf 76' lang='lat' dir='ltr'><strong>impressio</strong></span> <span class='ocrx_word' id='word_1_102' title='bbox 888 1355 1001 1413; x_wconf 88' lang='lat' dir='ltr'><strong>silentii</strong></span> <span class='ocrx_word' id='word_1_103' title='bbox 1019 1351 1159 1413; x_wconf 82' lang='lat' dir='ltr'><strong>servandi</strong></span> <span class='ocrx_word' id='word_1_104' title='bbox 1173 1362 1236 1411; x_wconf 88' lang='lat' dir='ltr'><strong>erat</strong></span> 
     </span>
     <span class='ocr_line' id='line_1_13' title="bbox 137 1437 1234 1521; baseline -0.001 -23"><span class='ocrx_word' id='word_1_105' title='bbox 137 1437 294 1498; x_wconf 88' lang='lat' dir='ltr'><strong>indicium.</strong></span> <span class='ocrx_word' id='word_1_106' title='bbox 315 1439 384 1498; x_wconf 82' lang='lat' dir='ltr'><strong>ride</strong></span> <span class='ocrx_word' id='word_1_107' title='bbox 399 1437 635 1500; x_wconf 87' lang='lat' dir='ltr'><strong>eruditissimum</strong></span> <span class='ocrx_word' id='word_1_108' title='bbox 647 1443 870 1521; x_wconf 85' lang='lat' dir='ltr'><strong>Dempsterum.</strong></span> <span class='ocrx_word' id='word_1_109' title='bbox 892 1442 1078 1519; x_wconf 84' lang='lat' dir='ltr'><strong>Augustinus</strong></span> <span class='ocrx_word' id='word_1_110' title='bbox 1093 1437 1130 1497; x_wconf 90' lang='lat' dir='ltr'><strong>de</strong></span> <span class='ocrx_word' id='word_1_111' title='bbox 1145 1440 1234 1497; x_wconf 81' lang='lat' dir='ltr'><strong>civit.</strong></span> 
     </span>
     <span class='ocr_line' id='line_1_14' title="bbox 137 1524 1235 1606; baseline -0.004 -22"><span class='ocrx_word' id='word_1_112' title='bbox 137 1526 197 1584; x_wconf 82' lang='lat' dir='ltr'><strong>Dei</strong></span> <span class='ocrx_word' id='word_1_113' title='bbox 211 1526 269 1587; x_wconf 86' lang='lat'><strong>18:</strong></span> <span class='ocrx_word' id='word_1_114' title='bbox 291 1527 324 1582; x_wconf 82' lang='lat' dir='ltr'><strong>in</strong></span> <span class='ocrx_word' id='word_1_115' title='bbox 335 1524 546 1605; x_wconf 74' lang='lat' dir='ltr'><strong>omrrt&#39;buefere</strong></span> <span class='ocrx_word' id='word_1_116' title='bbox 560 1527 692 1606; x_wconf 79' lang='lat' dir='ltr'><strong>templis,</strong></span> <span class='ocrx_word' id='word_1_117' title='bbox 723 1524 778 1584; x_wconf 76' lang='lat' dir='ltr'><strong>ubi</strong></span> <span class='ocrx_word' id='word_1_118' title='bbox 792 1524 965 1584; x_wconf 79' lang='lat' dir='ltr'><strong>colebantur</strong></span> <span class='ocrx_word' id='word_1_119' title='bbox 978 1526 1038 1585; x_wconf 80' lang='lat' dir='ltr'><strong>Ieie</strong></span> <span class='ocrx_word' id='word_1_120' title='bbox 1054 1535 1083 1582; x_wconf 86' lang='lat' dir='ltr'><strong>et</strong></span> <span class='ocrx_word' id='word_1_121' title='bbox 1098 1525 1235 1602; x_wconf 76' lang='lat' dir='ltr'><strong>Serapis,</strong></span> 
     </span>
     <span class='ocr_line' id='line_1_15' title="bbox 137 1608 1231 1691; baseline -0.002 -23"><span class='ocrx_word' id='word_1_122' title='bbox 137 1620 203 1668; x_wconf 84' lang='lat' dir='ltr'><strong>erut</strong></span> <span class='ocrx_word' id='word_1_123' title='bbox 217 1612 307 1668; x_wconf 68' lang='lat' dir='ltr'><strong>etium</strong></span> <span class='ocrx_word' id='word_1_124' title='bbox 319 1610 529 1682; x_wconf 78' lang='grc' dir='ltr'><strong><em>οἱεαιιὶαοηεαι,</em></strong></span> <span class='ocrx_word' id='word_1_125' title='bbox 551 1613 633 1690; x_wconf 83' lang='lat' dir='ltr'><strong>quod</strong></span> <span class='ocrx_word' id='word_1_126' title='bbox 645 1612 739 1691; x_wconf 77' lang='lat' dir='ltr'><strong>digito</strong></span> <span class='ocrx_word' id='word_1_127' title='bbox 752 1609 842 1670; x_wconf 75' lang='lat' dir='ltr'><strong>labiis</strong></span> <span class='ocrx_word' id='word_1_128' title='bbox 854 1613 994 1690; x_wconf 80' lang='lat' dir='ltr'><strong>impresso</strong></span> <span class='ocrx_word' id='word_1_129' title='bbox 1009 1608 1168 1668; x_wconf 81' lang='lat' dir='ltr'><strong>admonere</strong></span> <span class='ocrx_word' id='word_1_130' title='bbox 1182 1610 1231 1667; x_wconf 78' lang='grc' dir='ltr'><strong>νὶ-</strong></span> 
     </span>
     <span class='ocr_line' id='line_1_16' title="bbox 136 1695 1230 1778; baseline -0.002 -24"><span class='ocrx_word' id='word_1_131' title='bbox 136 1695 256 1754; x_wconf 80' lang='lat' dir='ltr'><strong>deretur</strong></span> <span class='ocrx_word' id='word_1_132' title='bbox 275 1706 309 1753; x_wconf 87' lang='lat' dir='ltr'><strong>ut</strong></span> <span class='ocrx_word' id='word_1_133' title='bbox 330 1695 482 1755; x_wconf 64' lang='lat' dir='ltr'><strong>sensuum</strong></span> <span class='ocrx_word' id='word_1_134' title='bbox 498 1695 598 1771; x_wconf 82' lang='lat' dir='ltr'><strong>fieret.</strong></span> <span class='ocrx_word' id='word_1_135' title='bbox 643 1717 711 1755; x_wconf 89' lang='lat' dir='ltr'><strong>mos</strong></span> <span class='ocrx_word' id='word_1_136' title='bbox 729 1716 833 1755; x_wconf 87' lang='lat' dir='ltr'><strong>eorum</strong></span> <span class='ocrx_word' id='word_1_137' title='bbox 848 1700 900 1778; x_wconf 89' lang='lat' dir='ltr'><strong>qui</strong></span> <span class='ocrx_word' id='word_1_138' title='bbox 917 1697 1119 1755; x_wconf 80' lang='lat' dir='ltr'><strong>concionaturi</strong></span> <span class='ocrx_word' id='word_1_139' title='bbox 1135 1705 1230 1753; x_wconf 85' lang='lat' dir='ltr'><strong>erent.</strong></span> 
     </span>
     <span class='ocr_line' id='line_1_17' title="bbox 138 1779 1229 1864; baseline -0.001 -25"><span class='ocrx_word' id='word_1_140' title='bbox 138 1779 225 1840; x_wconf 81' lang='lat' dir='ltr'><strong>divus</strong></span> <span class='ocrx_word' id='word_1_141' title='bbox 247 1783 344 1842; x_wconf 84' lang='lat' dir='ltr'><strong>Lucas</strong></span> <span class='ocrx_word' id='word_1_142' title='bbox 362 1781 417 1840; x_wconf 88' lang='lat' dir='ltr'><strong>lib.</strong></span> <span class='ocrx_word' id='word_1_143' title='bbox 436 1785 474 1857; x_wconf 87' lang='grc'><strong>2,</strong></span> <span class='ocrx_word' id='word_1_144' title='bbox 503 1784 556 1864; x_wconf 89' lang='lat' dir='ltr'><strong>qui</strong></span> <span class='ocrx_word' id='word_1_145' title='bbox 576 1793 621 1841; x_wconf 90' lang='lat' dir='ltr'><strong>est</strong></span> <span class='ocrx_word' id='word_1_146' title='bbox 647 1780 684 1840; x_wconf 89' lang='lat' dir='ltr'><strong>de</strong></span> <span class='ocrx_word' id='word_1_147' title='bbox 705 1784 773 1842; x_wconf 83' lang='lat' dir='ltr'><strong>Act.</strong></span> <span class='ocrx_word' id='word_1_148' title='bbox 787 1784 913 1863; x_wconf 69' lang='lat' dir='ltr'><strong>Aliost,</strong></span> <span class='ocrx_word' id='word_1_149' title='bbox 935 1802 962 1842; x_wconf 87' lang='grc' dir='ltr'><strong>ο.</strong></span> <span class='ocrx_word' id='word_1_150' title='bbox 983 1784 1039 1857; x_wconf 83' lang='grc'><strong>12,</strong></span> <span class='ocrx_word' id='word_1_151' title='bbox 1065 1783 1103 1846; x_wconf 80' lang='grc'><strong>18</strong></span> <span class='ocrx_word' id='word_1_152' title='bbox 1125 1790 1156 1838; x_wconf 87' lang='lat' dir='ltr'><strong>et</strong></span> <span class='ocrx_word' id='word_1_153' title='bbox 1175 1782 1229 1843; x_wconf 86' lang='grc'><strong>21.</strong></span> 
     </span>
     <span class='ocr_line' id='line_1_18' title="bbox 136 1868 921 1926; baseline 0 -1"><span class='ocrx_word' id='word_1_154' title='bbox 136 1868 262 1926; x_wconf 81' lang='lat' dir='ltr'><strong>Bsnru.</strong></span> <span class='ocrx_word' id='word_1_155' title='bbox 594 1902 598 1909; x_wconf 94' lang='lat'>·</span> <span class='ocrx_word' id='word_1_156' title='bbox 918 1872 921 1877; x_wconf 80' lang='grc'><strong><em>’</em></strong></span> 
     </span>
    </p>

    <p class='ocr_par' dir='ltr' id='par_1_3' title="bbox 224 1948 1235 2031">
     <span class='ocr_line' id='line_1_19' title="bbox 224 1948 1235 2031; baseline -0.002 -22"><span class='ocrx_word' id='word_1_157' title='bbox 224 1954 296 2017; x_wconf 82' lang='grc'><strong>128.</strong></span> <span class='ocrx_word' id='word_1_158' title='bbox 336 1949 457 2031; x_wconf 72' lang='grc' dir='ltr'><strong><em>εἱεασνα]</em></strong></span> <span class='ocrx_word' id='word_1_159' title='bbox 479 1948 612 2010; x_wconf 89' lang='lat' dir='ltr'><strong>imitatus</strong></span> <span class='ocrx_word' id='word_1_160' title='bbox 630 1961 675 2011; x_wconf 89' lang='lat' dir='ltr'><strong>est</strong></span> <span class='ocrx_word' id='word_1_161' title='bbox 686 1955 844 2012; x_wconf 84' lang='lat' dir='ltr'><strong>Lucanum</strong></span> <span class='ocrx_word' id='word_1_162' title='bbox 860 1955 894 2028; x_wconf 89' lang='lat'><strong>1,</strong></span> <span class='ocrx_word' id='word_1_163' title='bbox 922 1951 976 2010; x_wconf 91' lang='lat' dir='ltr'><strong>ubi</strong></span> <span class='ocrx_word' id='word_1_164' title='bbox 991 1952 1102 2011; x_wconf 79' lang='lat' dir='ltr'><strong>Caesar</strong></span> <span class='ocrx_word' id='word_1_165' title='bbox 1119 1950 1235 2009; x_wconf 82' lang='lat' dir='ltr'><strong>tumul-</strong></span> 
     </span>
    </p>
   </div>
   <div class='ocr_carea' id='block_1_3' title="bbox 43 2035 1233 2118">
    <p class='ocr_par' dir='ltr' id='par_1_4' title="bbox 43 2035 1233 2118">
     <span class='ocr_line' id='line_1_20' title="bbox 43 2035 1233 2118; baseline 0 -24"><span class='ocrx_word' id='word_1_166' title='bbox 43 2046 48 2053; x_wconf 91' lang='grc'><strong><em>’</em></strong></span> <span class='ocrx_word' id='word_1_167' title='bbox 72 2052 76 2067; x_wconf 84' lang='lat'><em>¹</em></span> <span class='ocrx_word' id='word_1_168' title='bbox 139 2048 204 2096; x_wconf 82' lang='lat' dir='ltr'><strong>tum</strong></span> <span class='ocrx_word' id='word_1_169' title='bbox 217 2039 382 2115; x_wconf 78' lang='lat' dir='ltr'><strong>composuit</strong></span> <span class='ocrx_word' id='word_1_170' title='bbox 393 2036 494 2108; x_wconf 66' lang='lat' dir='ltr'><strong>wiltu,</strong></span> <span class='ocrx_word' id='word_1_171' title='bbox 516 2037 678 2116; x_wconf 79' lang='lat' dir='ltr'><strong>dextroque</strong></span> <span class='ocrx_word' id='word_1_172' title='bbox 688 2039 807 2096; x_wconf 63' lang='lat' dir='ltr'><strong>silerem</strong></span> <span class='ocrx_word' id='word_1_173' title='bbox 813 2039 903 2118; x_wconf 83' lang='lat' dir='ltr'><strong>jecit.</strong></span> <span class='ocrx_word' id='word_1_174' title='bbox 927 2055 967 2094; x_wconf 86' lang='lat' dir='ltr'><strong>cx</strong></span> <span class='ocrx_word' id='word_1_175' title='bbox 981 2035 1087 2095; x_wconf 91' lang='lat' dir='ltr'><strong>eodem</strong></span> <span class='ocrx_word' id='word_1_176' title='bbox 1099 2040 1182 2095; x_wconf 87' lang='lat' dir='ltr'><strong>Pers.</strong></span> <span class='ocrx_word' id='word_1_177' title='bbox 1195 2036 1233 2099; x_wconf 80' lang='grc'><strong>43</strong></span> 
     </span>
    </p>
   </div>
   <div class='ocr_carea' id='block_1_4' title="bbox 129 2121 1308 4420">
    <p class='ocr_par' dir='ltr' id='par_1_5' title="bbox 129 2121 1308 4080">
     <span class='ocr_line' id='line_1_21' title="bbox 129 2121 1235 2207; baseline -0.002 -27"><span class='ocrx_word' id='word_1_178' title='bbox 129 2123 198 2207; x_wconf 84' lang='lat' dir='ltr'><strong>sert</strong></span> <span class='ocrx_word' id='word_1_179' title='bbox 207 2124 327 2181; x_wconf 76' lang='lat' dir='ltr'><strong>animtce</strong></span> <span class='ocrx_word' id='word_1_180' title='bbox 342 2121 460 2181; x_wconf 76' lang='lat' dir='ltr'><strong>calidae</strong></span> <span class='ocrx_word' id='word_1_181' title='bbox 464 2122 577 2202; x_wconf 66' lang='lat' dir='ltr'><strong>secrete</strong></span> <span class='ocrx_word' id='word_1_182' title='bbox 585 2123 706 2181; x_wconf 69' lang='lat' dir='ltr'><strong>silentio</strong></span> <span class='ocrx_word' id='word_1_183' title='bbox 716 2122 822 2181; x_wconf 79' lang='lat' dir='ltr'><strong>turbae</strong></span> <span class='ocrx_word' id='word_1_184' title='bbox 831 2124 984 2183; x_wconf 75' lang='lat' dir='ltr'><strong>nmieetote</strong></span> <span class='ocrx_word' id='word_1_185' title='bbox 997 2142 1116 2179; x_wconf 75' lang='lat' dir='ltr'><strong>mnus.</strong></span> <span class='ocrx_word' id='word_1_186' title='bbox 1141 2122 1235 2201; x_wconf 77' lang='lat' dir='ltr'><strong>Spar-</strong></span> 
     </span>
     <span class='ocr_line' id='line_1_22' title="bbox 137 2206 1235 2286; baseline 0 -21"><span class='ocrx_word' id='word_1_187' title='bbox 137 2210 237 2267; x_wconf 90' lang='lat' dir='ltr'><strong>tianus</strong></span> <span class='ocrx_word' id='word_1_188' title='bbox 250 2211 283 2266; x_wconf 91' lang='lat' dir='ltr'><strong>in</strong></span> <span class='ocrx_word' id='word_1_189' title='bbox 296 2209 413 2267; x_wconf 77' lang='lat' dir='ltr'><strong>Iuliano</strong></span> <span class='ocrx_word' id='word_1_190' title='bbox 426 2210 525 2286; x_wconf 81' lang='lat' dir='ltr'><strong>Aug.:</strong></span> <span class='ocrx_word' id='word_1_191' title='bbox 547 2229 642 2265; x_wconf 79' lang='lat' dir='ltr'><strong>mnu</strong></span> <span class='ocrx_word' id='word_1_192' title='bbox 655 2228 703 2265; x_wconf 83' lang='lat' dir='ltr'><strong>eos</strong></span> <span class='ocrx_word' id='word_1_193' title='bbox 715 2206 963 2285; x_wconf 76' lang='lat' dir='ltr'><strong>semperplccurc</strong></span> <span class='ocrx_word' id='word_1_194' title='bbox 978 2217 1105 2284; x_wconf 82' lang='lat' dir='ltr'><strong>cuperet.</strong></span> <span class='ocrx_word' id='word_1_195' title='bbox 1150 2207 1235 2265; x_wconf 85' lang='lat' dir='ltr'><strong>locus</strong></span> 
     </span>
     <span class='ocr_line' id='line_1_23' title="bbox 137 2285 1237 2373; baseline 0.001 -20"><span class='ocrx_word' id='word_1_196' title='bbox 137 2304 185 2354; x_wconf 85' lang='lat' dir='ltr'><strong>est</strong></span> <span class='ocrx_word' id='word_1_197' title='bbox 208 2295 330 2373; x_wconf 79' lang='lat' dir='ltr'><strong>elegans</strong></span> <span class='ocrx_word' id='word_1_198' title='bbox 354 2291 435 2373; x_wconf 89' lang='lat' dir='ltr'><strong>apud</strong></span> <span class='ocrx_word' id='word_1_199' title='bbox 456 2291 654 2352; x_wconf 81' lang='lat' dir='ltr'><strong>Heliodorum</strong></span> <span class='ocrx_word' id='word_1_200' title='bbox 676 2290 817 2372; x_wconf 84' lang='lat' dir='ltr'><strong>Aethiop.</strong></span> <span class='ocrx_word' id='word_1_201' title='bbox 842 2295 898 2356; x_wconf 85' lang='lat'><strong>10:</strong></span> <span class='ocrx_word' id='word_1_202' title='bbox 930 2290 983 2354; x_wconf 75' lang='lat' dir='ltr'><strong>stoi</strong></span> <span class='ocrx_word' id='word_1_203' title='bbox 1004 2287 1073 2355; x_wconf 67' lang='grc' dir='ltr'><strong><em>οὔτε</em></strong></span> <span class='ocrx_word' id='word_1_204' title='bbox 1095 2285 1237 2372; x_wconf 68' lang='grc' dir='ltr'><strong><em>κηρύκων</em></strong></span> 
     </span>
     <span class='ocr_line' id='line_1_24' title="bbox 139 2370 1241 2482; baseline -0.002 -40"><span class='ocrx_word' id='word_1_205' title='bbox 139 2375 230 2482; x_wconf 55' lang='grc' dir='ltr'><strong><em>σιγῆν</em></strong></span> <span class='ocrx_word' id='word_1_206' title='bbox 245 2376 460 2443; x_wconf 67' lang='grc' dir='ltr'><strong><em>ἔπεταπόντών</em></strong></span> <span class='ocrx_word' id='word_1_207' title='bbox 472 2378 635 2451; x_wconf 62' lang='lat' dir='ltr'><strong>tunsiones</strong></span> <span class='ocrx_word' id='word_1_208' title='bbox 646 2373 716 2441; x_wconf 76' lang='grc' dir='ltr'><strong><em>οὔτε</em></strong></span> <span class='ocrx_word' id='word_1_209' title='bbox 734 2372 767 2440; x_wconf 78' lang='lat' dir='ltr'><strong>sd</strong></span> <span class='ocrx_word' id='word_1_210' title='bbox 787 2371 926 2460; x_wconf 72' lang='grc' dir='ltr'><strong><em>βούλημα</em></strong></span> <span class='ocrx_word' id='word_1_211' title='bbox 944 2381 1001 2442; x_wconf 74' lang='grc' dir='ltr'><strong>τοῦ</strong></span> <span class='ocrx_word' id='word_1_212' title='bbox 1016 2370 1147 2461; x_wconf 66' lang='grc' dir='ltr'><strong><em>παρέχον</em></strong></span> <span class='ocrx_word' id='word_1_213' title='bbox 1159 2394 1241 2458; x_wconf 73' lang='lat' dir='ltr'><strong>noo-⁹</strong></span> 
     </span>
     <span class='ocr_line' id='line_1_25' title="bbox 138 2458 1238 2545; baseline -0.003 -17"><span class='ocrx_word' id='word_1_214' title='bbox 138 2466 240 2545; x_wconf 73' lang='grc' dir='ltr'><strong><em>δηλας</em></strong></span> <span class='ocrx_word' id='word_1_215' title='bbox 254 2462 467 2540; x_wconf 77' lang='grc' dir='ltr'><strong><em>ἐκφαίνοντας,</em></strong></span> <span class='ocrx_word' id='word_1_216' title='bbox 486 2458 542 2542; x_wconf 75' lang='grc' dir='ltr'><strong>τήν</strong></span> <span class='ocrx_word' id='word_1_217' title='bbox 554 2468 639 2544; x_wconf 73' lang='grc' dir='ltr'><strong><em>χεῖρα</em></strong></span> <span class='ocrx_word' id='word_1_218' title='bbox 654 2465 813 2543; x_wconf 67' lang='grc' dir='ltr'><strong><em>προτείνας</em></strong></span> <span class='ocrx_word' id='word_1_219' title='bbox 825 2459 876 2524; x_wconf 68' lang='grc' dir='ltr'><strong><em>καὶ</em></strong></span> <span class='ocrx_word' id='word_1_220' title='bbox 888 2463 1054 2526; x_wconf 73' lang='grc' dir='ltr'><strong><em>κατασείων</em></strong></span> <span class='ocrx_word' id='word_1_221' title='bbox 1069 2459 1145 2544; x_wconf 70' lang='lat' dir='ltr'><strong>uode</strong></span> <span class='ocrx_word' id='word_1_222' title='bbox 1160 2460 1238 2544; x_wconf 71' lang='grc' dir='ltr'><strong><em>ἦσα-</em></strong></span> 
     </span>
     <span class='ocr_line' id='line_1_26' title="bbox 139 2541 1308 2628; baseline -0.005 -17"><span class='ocrx_word' id='word_1_223' title='bbox 139 2551 210 2628; x_wconf 75' lang='grc' dir='ltr'><strong><em>χίαν</em></strong></span> <span class='ocrx_word' id='word_1_224' title='bbox 223 2543 259 2610; x_wconf 78' lang='grc' dir='ltr'><strong>εδ</strong></span> <span class='ocrx_word' id='word_1_225' title='bbox 272 2541 511 2610; x_wconf 69' lang='grc' dir='ltr'><strong><em>κλοδοίνεονεοῦ</em></strong></span> <span class='ocrx_word' id='word_1_226' title='bbox 524 2544 624 2628; x_wconf 73' lang='grc' dir='ltr'><strong><em>δήμου</em></strong></span> <span class='ocrx_word' id='word_1_227' title='bbox 640 2545 819 2611; x_wconf 71' lang='lat' dir='ltr'><strong>mittetis.</strong></span> <span class='ocrx_word' id='word_1_228' title='bbox 859 2550 1013 2628; x_wconf 81' lang='lat' dir='ltr'><strong>Augustus</strong></span> <span class='ocrx_word' id='word_1_229' title='bbox 1026 2548 1115 2607; x_wconf 74' lang='lat' dir='ltr'><strong>vultu</strong></span> <span class='ocrx_word' id='word_1_230' title='bbox 1127 2569 1238 2607; x_wconf 85' lang='lat' dir='ltr'><strong>monu-</strong></span> <span class='ocrx_word' id='word_1_231' title='bbox 1302 2557 1308 2568; x_wconf 89' lang='grc'><em>“</em></span> 
     </span>
     <span class='ocr_line' id='line_1_27' title="bbox 139 2631 1239 2714; baseline 0 -24"><span class='ocrx_word' id='word_1_232' title='bbox 139 2653 199 2713; x_wconf 86' lang='lat' dir='ltr'><strong>que</strong></span> <span class='ocrx_word' id='word_1_233' title='bbox 219 2631 374 2690; x_wconf 82' lang='lat' dir='ltr'><strong>indecoros</strong></span> <span class='ocrx_word' id='word_1_234' title='bbox 393 2632 582 2691; x_wconf 72' lang='lat' dir='ltr'><strong>editiotiones</strong></span> <span class='ocrx_word' id='word_1_235' title='bbox 600 2635 749 2711; x_wconf 79' lang='lat' dir='ltr'><strong>repressit:</strong></span> <span class='ocrx_word' id='word_1_236' title='bbox 772 2635 896 2693; x_wconf 90' lang='lat' dir='ltr'><strong>Suetou.</strong></span> <span class='ocrx_word' id='word_1_237' title='bbox 915 2637 966 2697; x_wconf 83' lang='lat'><strong>58.</strong></span> <span class='ocrx_word' id='word_1_238' title='bbox 1009 2636 1143 2714; x_wconf 84' lang='lat' dir='ltr'><strong>Iuppiter</strong></span> <span class='ocrx_word' id='word_1_239' title='bbox 1157 2632 1239 2713; x_wconf 87' lang='lat' dir='ltr'><strong>apud</strong></span> 
     </span>
     <span class='ocr_line' id='line_1_28' title="bbox 139 2716 1237 2798; baseline 0 -20"><span class='ocrx_word' id='word_1_240' title='bbox 139 2716 229 2778; x_wconf 78' lang='lat' dir='ltr'><strong>ovid.</strong></span> <span class='ocrx_word' id='word_1_241' title='bbox 248 2720 372 2777; x_wconf 85' lang='lat' dir='ltr'><strong>Metam.</strong></span> <span class='ocrx_word' id='word_1_242' title='bbox 397 2722 434 2782; x_wconf 87' lang='lat'><strong>1:</strong></span> <span class='ocrx_word' id='word_1_243' title='bbox 477 2738 548 2777; x_wconf 85' lang='grc' dir='ltr'><strong><em>νοοε</em></strong></span> <span class='ocrx_word' id='word_1_244' title='bbox 572 2738 725 2798; x_wconf 74' lang='lat' dir='ltr'><strong>munitque</strong></span> <span class='ocrx_word' id='word_1_245' title='bbox 750 2737 907 2777; x_wconf 78' lang='lat' dir='ltr'><strong>mrumura</strong></span> <span class='ocrx_word' id='word_1_246' title='bbox 935 2722 1114 2797; x_wconf 79' lang='lat' dir='ltr'><strong>compressit.</strong></span> <span class='ocrx_word' id='word_1_247' title='bbox 1160 2719 1237 2778; x_wconf 84' lang='lat' dir='ltr'><strong>Stat.</strong></span> 
     </span>
     <span class='ocr_line' id='line_1_29' title="bbox 138 2801 1238 2884; baseline -0.002 -21"><span class='ocrx_word' id='word_1_248' title='bbox 138 2801 238 2863; x_wconf 87' lang='lat' dir='ltr'><strong>Theb.</strong></span> <span class='ocrx_word' id='word_1_249' title='bbox 257 2808 293 2868; x_wconf 95' lang='grc'><strong>13</strong></span> <span class='ocrx_word' id='word_1_250' title='bbox 328 2804 462 2873; x_wconf 61' lang='lat' dir='ltr'><strong>veniam</strong></span> <span class='ocrx_word' id='word_1_251' title='bbox 490 2803 583 2861; x_wconf 82' lang='lat' dir='ltr'><strong>donec</strong></span> <span class='ocrx_word' id='word_1_252' title='bbox 590 2814 682 2881; x_wconf 86' lang='lat' dir='ltr'><strong>poter</strong></span> <span class='ocrx_word' id='word_1_253' title='bbox 694 2806 756 2882; x_wconf 82' lang='lat' dir='ltr'><strong>ipse</strong></span> <span class='ocrx_word' id='word_1_254' title='bbox 766 2804 888 2863; x_wconf 81' lang='lat' dir='ltr'><strong>sedendi</strong></span> <span class='ocrx_word' id='word_1_255' title='bbox 901 2805 1068 2884; x_wconf 76' lang='lat' dir='ltr'><strong>tranquillo</strong></span> <span class='ocrx_word' id='word_1_256' title='bbox 1082 2803 1162 2863; x_wconf 78' lang='lat' dir='ltr'><strong>ucbet</strong></span> <span class='ocrx_word' id='word_1_257' title='bbox 1177 2825 1238 2862; x_wconf 83' lang='lat' dir='ltr'><strong>esee</strong></span> 
     </span>
     <span class='ocr_line' id='line_1_30' title="bbox 130 2885 1238 2969; baseline 0 -22"><span class='ocrx_word' id='word_1_258' title='bbox 130 2910 243 2947; x_wconf 62' lang='grc' dir='ltr'><strong><em>κηποι.</em></strong></span> <span class='ocrx_word' id='word_1_259' title='bbox 275 2887 340 2947; x_wconf 84' lang='lat' dir='ltr'><strong>dixi</strong></span> <span class='ocrx_word' id='word_1_260' title='bbox 354 2887 394 2947; x_wconf 86' lang='lat' dir='ltr'><strong>ad</strong></span> <span class='ocrx_word' id='word_1_261' title='bbox 406 2885 484 2946; x_wconf 90' lang='lat' dir='ltr'><strong>illud</strong></span> <span class='ocrx_word' id='word_1_262' title='bbox 498 2887 536 2947; x_wconf 89' lang='lat' dir='ltr'><strong>de</strong></span> <span class='ocrx_word' id='word_1_263' title='bbox 550 2889 632 2947; x_wconf 89' lang='lat' dir='ltr'><strong>bello</strong></span> <span class='ocrx_word' id='word_1_264' title='bbox 648 2888 769 2948; x_wconf 84' lang='lat' dir='ltr'><strong>Gildon.</strong></span> <span class='ocrx_word' id='word_1_265' title='bbox 787 2888 868 2969; x_wconf 85' lang='lat' dir='ltr'><strong>apud</strong></span> <span class='ocrx_word' id='word_1_266' title='bbox 881 2889 1096 2950; x_wconf 76' lang='lat' dir='ltr'><strong>Claudianum:</strong></span> <span class='ocrx_word' id='word_1_267' title='bbox 1116 2911 1238 2948; x_wconf 80' lang='lat' dir='ltr'><strong>sacrum</strong></span> 
     </span>
     <span class='ocr_line' id='line_1_31' title="bbox 130 2971 1237 3059; baseline -0.001 -26"><span class='ocrx_word' id='word_1_268' title='bbox 130 2974 243 3033; x_wconf 79' lang='lat' dir='ltr'><strong>dextro</strong></span> <span class='ocrx_word' id='word_1_269' title='bbox 258 2975 362 3033; x_wconf 81' lang='lat' dir='ltr'><strong>sedare</strong></span> <span class='ocrx_word' id='word_1_270' title='bbox 377 2973 551 3033; x_wconf 75' lang='lat' dir='ltr'><strong>mmrdtum.</strong></span> <span class='ocrx_word' id='word_1_271' title='bbox 597 2971 674 3033; x_wconf 85' lang='lat' dir='ltr'><strong>adde</strong></span> <span class='ocrx_word' id='word_1_272' title='bbox 686 2976 871 3054; x_wconf 84' lang='lat' dir='ltr'><strong>principibus</strong></span> <span class='ocrx_word' id='word_1_273' title='bbox 887 2986 999 3036; x_wconf 81' lang='lat' dir='ltr'><strong>statues</strong></span> <span class='ocrx_word' id='word_1_274' title='bbox 1015 2986 1166 3059; x_wconf 85' lang='lat' dir='ltr'><strong>equestres</strong></span> <span class='ocrx_word' id='word_1_275' title='bbox 1179 2995 1237 3054; x_wconf 87' lang='lat' dir='ltr'><strong>pe-</strong></span> 
     </span>
     <span class='ocr_line' id='line_1_32' title="bbox 140 3057 1234 3141; baseline 0.001 -23"><span class='ocrx_word' id='word_1_276' title='bbox 140 3059 331 3141; x_wconf 86' lang='lat' dir='ltr'><strong>destresque,</strong></span> <span class='ocrx_word' id='word_1_277' title='bbox 353 3057 409 3120; x_wconf 89' lang='lat' dir='ltr'><strong>sed</strong></span> <span class='ocrx_word' id='word_1_278' title='bbox 420 3061 554 3118; x_wconf 77' lang='lat' dir='ltr'><strong>maxims</strong></span> <span class='ocrx_word' id='word_1_279' title='bbox 567 3070 731 3141; x_wconf 84' lang='lat' dir='ltr'><strong>equestres,</strong></span> <span class='ocrx_word' id='word_1_280' title='bbox 754 3059 860 3119; x_wconf 82' lang='lat' dir='ltr'><strong>dextra</strong></span> <span class='ocrx_word' id='word_1_281' title='bbox 875 3071 1015 3141; x_wconf 81' lang='lat' dir='ltr'><strong>protense</strong></span> <span class='ocrx_word' id='word_1_282' title='bbox 1028 3063 1104 3139; x_wconf 82' lang='lat' dir='ltr'><strong>erigi</strong></span> <span class='ocrx_word' id='word_1_283' title='bbox 1120 3062 1234 3136; x_wconf 87' lang='lat' dir='ltr'><strong>solitas,</strong></span> 
     </span>
     <span class='ocr_line' id='line_1_33' title="bbox 140 3144 1234 3225; baseline 0.002 -23"><span class='ocrx_word' id='word_1_284' title='bbox 140 3145 180 3202; x_wconf 91' lang='lat' dir='ltr'><strong>ad</strong></span> <span class='ocrx_word' id='word_1_285' title='bbox 195 3148 355 3224; x_wconf 88' lang='lat' dir='ltr'><strong>imperium</strong></span> <span class='ocrx_word' id='word_1_286' title='bbox 368 3144 569 3225; x_wconf 83' lang='lat' dir='ltr'><strong>signandum,</strong></span> <span class='ocrx_word' id='word_1_287' title='bbox 589 3156 624 3204; x_wconf 88' lang='lat' dir='ltr'><strong>ut</strong></span> <span class='ocrx_word' id='word_1_288' title='bbox 637 3147 711 3205; x_wconf 91' lang='lat' dir='ltr'><strong>olim</strong></span> <span class='ocrx_word' id='word_1_289' title='bbox 725 3150 839 3206; x_wconf 81' lang='lat' dir='ltr'><strong>Romus</strong></span> <span class='ocrx_word' id='word_1_290' title='bbox 853 3150 979 3205; x_wconf 89' lang='lat' dir='ltr'><strong>memini</strong></span> <span class='ocrx_word' id='word_1_291' title='bbox 991 3145 1104 3205; x_wconf 81' lang='lat' dir='ltr'><strong>videre.</strong></span> <span class='ocrx_word' id='word_1_292' title='bbox 1148 3146 1234 3205; x_wconf 83' lang='lat' dir='ltr'><strong>Serv.</strong></span> 
     </span>
     <span class='ocr_line' id='line_1_34' title="bbox 139 3228 1234 3310; baseline 0.004 -23"><span class='ocrx_word' id='word_1_293' title='bbox 139 3228 180 3287; x_wconf 81' lang='lat' dir='ltr'><strong>nd</strong></span> <span class='ocrx_word' id='word_1_294' title='bbox 194 3228 272 3288; x_wconf 90' lang='lat' dir='ltr'><strong>illud</strong></span> <span class='ocrx_word' id='word_1_295' title='bbox 285 3234 305 3295; x_wconf 88' lang='lat'>8</span> <span class='ocrx_word' id='word_1_296' title='bbox 317 3233 393 3289; x_wconf 81' lang='lat' dir='ltr'><strong>Aen.</strong></span> <span class='ocrx_word' id='word_1_297' title='bbox 414 3243 444 3289; x_wconf 85' lang='lat' dir='ltr'><strong>et</strong></span> <span class='ocrx_word' id='word_1_298' title='bbox 462 3253 517 3290; x_wconf 83' lang='lat' dir='ltr'><strong>nos</strong></span> <span class='ocrx_word' id='word_1_299' title='bbox 537 3243 566 3289; x_wconf 88' lang='lat' dir='ltr'><strong>et</strong></span> <span class='ocrx_word' id='word_1_300' title='bbox 584 3242 637 3289; x_wconf 83' lang='lat' dir='ltr'><strong>tuo</strong></span> <span class='ocrx_word' id='word_1_301' title='bbox 649 3232 750 3290; x_wconf 78' lang='lat' dir='ltr'><strong>dexter</strong></span> <span class='ocrx_word' id='word_1_302' title='bbox 761 3232 899 3310; x_wconf 84' lang='lat' dir='ltr'><strong>adipedr</strong></span> <span class='ocrx_word' id='word_1_303' title='bbox 909 3252 998 3291; x_wconf 81' lang='lat' dir='ltr'><strong>sacra</strong></span> <span class='ocrx_word' id='word_1_304' title='bbox 1011 3231 1150 3290; x_wconf 82' lang='lat' dir='ltr'><strong>secundo.</strong></span> <span class='ocrx_word' id='word_1_305' title='bbox 1196 3230 1234 3291; x_wconf 89' lang='lat' dir='ltr'><strong>de</strong></span> 
     </span>
     <span class='ocr_line' id='line_1_35' title="bbox 138 3316 1273 3397; baseline 0.001 -24"><span class='ocrx_word' id='word_1_306' title='bbox 138 3317 305 3373; x_wconf 84' lang='lat' dir='ltr'><strong>Domitiani</strong></span> <span class='ocrx_word' id='word_1_307' title='bbox 317 3318 447 3396; x_wconf 89' lang='lat' dir='ltr'><strong>equestri</strong></span> <span class='ocrx_word' id='word_1_308' title='bbox 464 3328 561 3376; x_wconf 77' lang='lat' dir='ltr'><strong>statua</strong></span> <span class='ocrx_word' id='word_1_309' title='bbox 575 3318 682 3396; x_wconf 82' lang='lat' dir='ltr'><strong>Papio.</strong></span> <span class='ocrx_word' id='word_1_310' title='bbox 697 3318 772 3377; x_wconf 79' lang='lat' dir='ltr'><strong>silv.</strong></span> <span class='ocrx_word' id='word_1_311' title='bbox 794 3322 810 3382; x_wconf 93' lang='lat'>1</span> <span class='ocrx_word' id='word_1_312' title='bbox 830 3319 865 3379; x_wconf 86' lang='lat'><strong>1:</strong></span> <span class='ocrx_word' id='word_1_313' title='bbox 887 3316 991 3376; x_wconf 81' lang='lat' dir='ltr'><strong>dextro</strong></span> <span class='ocrx_word' id='word_1_314' title='bbox 1004 3327 1086 3376; x_wconf 74' lang='lat' dir='ltr'><strong>vetat</strong></span> <span class='ocrx_word' id='word_1_315' title='bbox 1094 3337 1229 3397; x_wconf 75' lang='lat' dir='ltr'><strong>pugnus.</strong></span> <span class='ocrx_word' id='word_1_316' title='bbox 1261 3353 1273 3383; x_wconf 57' lang='grc' dir='ltr'><strong><em>ς</em></strong></span> 
     </span>
     <span class='ocr_line' id='line_1_36' title="bbox 138 3400 1235 3484; baseline 0.003 -25"><span class='ocrx_word' id='word_1_317' title='bbox 138 3403 280 3462; x_wconf 80' lang='lat' dir='ltr'><strong>Dsursr.</strong></span> <span class='ocrx_word' id='word_1_318' title='bbox 322 3420 389 3459; x_wconf 89' lang='lat' dir='ltr'><strong>mos</strong></span> <span class='ocrx_word' id='word_1_319' title='bbox 408 3403 522 3479; x_wconf 82' lang='lat' dir='ltr'><strong>priscus</strong></span> <span class='ocrx_word' id='word_1_320' title='bbox 545 3413 713 3477; x_wconf 84' lang='lat' dir='ltr'><strong>oratorum,</strong></span> <span class='ocrx_word' id='word_1_321' title='bbox 742 3413 775 3461; x_wconf 88' lang='lat' dir='ltr'><strong>ut</strong></span> <span class='ocrx_word' id='word_1_322' title='bbox 789 3404 937 3484; x_wconf 78' lang='lat' dir='ltr'><strong>orationes</strong></span> <span class='ocrx_word' id='word_1_323' title='bbox 951 3400 1081 3461; x_wconf 84' lang='lat' dir='ltr'><strong>habituri</strong></span> <span class='ocrx_word' id='word_1_324' title='bbox 1095 3413 1235 3484; x_wconf 81' lang='lat' dir='ltr'><strong>quassate</strong></span> 
     </span>
     <span class='ocr_line' id='line_1_37' title="bbox 137 3485 1235 3567; baseline 0 -21"><span class='ocrx_word' id='word_1_325' title='bbox 137 3506 233 3546; x_wconf 79' lang='lat' dir='ltr'><strong>manu</strong></span> <span class='ocrx_word' id='word_1_326' title='bbox 247 3487 305 3545; x_wconf 90' lang='lat' dir='ltr'><strong>sibi</strong></span> <span class='ocrx_word' id='word_1_327' title='bbox 318 3485 450 3544; x_wconf 83' lang='lat' dir='ltr'><strong>fecerent</strong></span> <span class='ocrx_word' id='word_1_328' title='bbox 462 3486 501 3545; x_wconf 85' lang='lat' dir='ltr'><strong>sd</strong></span> <span class='ocrx_word' id='word_1_329' title='bbox 514 3489 660 3567; x_wconf 89' lang='lat' dir='ltr'><strong>populum</strong></span> <span class='ocrx_word' id='word_1_330' title='bbox 674 3485 868 3546; x_wconf 77' lang='lat' dir='ltr'><strong>audientiam.</strong></span> <span class='ocrx_word' id='word_1_331' title='bbox 898 3490 941 3547; x_wconf 89' lang='lat' dir='ltr'><strong>sio</strong></span> <span class='ocrx_word' id='word_1_332' title='bbox 954 3489 1032 3547; x_wconf 86' lang='lat' dir='ltr'><strong>infra</strong></span> <span class='ocrx_word' id='word_1_333' title='bbox 1048 3493 1069 3552; x_wconf 84' lang='lat'><strong>2</strong></span> <span class='ocrx_word' id='word_1_334' title='bbox 1090 3489 1162 3553; x_wconf 78' lang='lat'><strong>325.</strong></span> <span class='ocrx_word' id='word_1_335' title='bbox 1190 3491 1235 3548; x_wconf 89' lang='lat' dir='ltr'><strong>sio</strong></span> 
     </span>
     <span class='ocr_line' id='line_1_38' title="bbox 139 3567 1237 3652; baseline 0.005 -20"><span class='ocrx_word' id='word_1_336' title='bbox 139 3592 230 3652; x_wconf 87' lang='lat' dir='ltr'><strong>saepe</strong></span> <span class='ocrx_word' id='word_1_337' title='bbox 249 3575 282 3630; x_wconf 91' lang='lat' dir='ltr'><strong>in</strong></span> <span class='ocrx_word' id='word_1_338' title='bbox 297 3573 381 3629; x_wconf 81' lang='lat' dir='ltr'><strong>Actis</strong></span> <span class='ocrx_word' id='word_1_339' title='bbox 404 3572 592 3650; x_wconf 76' lang='lat' dir='ltr'><strong>apostolicis,</strong></span> <span class='ocrx_word' id='word_1_340' title='bbox 622 3584 657 3632; x_wconf 88' lang='lat' dir='ltr'><strong>ut</strong></span> <span class='ocrx_word' id='word_1_341' title='bbox 680 3578 720 3638; x_wconf 89' lang='grc'><strong>18</strong></span> <span class='ocrx_word' id='word_1_342' title='bbox 743 3577 800 3638; x_wconf 88' lang='grc'><strong>163</strong></span> <span class='ocrx_word' id='word_1_343' title='bbox 832 3567 965 3649; x_wconf 76' lang='grc' dir='ltr'><strong><em>οἷνασεᾶς</em></strong></span> <span class='ocrx_word' id='word_1_344' title='bbox 990 3571 1023 3637; x_wconf 79' lang='lat' dir='ltr'><strong>di</strong></span> <span class='ocrx_word' id='word_1_345' title='bbox 1039 3577 1163 3649; x_wconf 74' lang='grc' dir='ltr'><strong><em>Παῦλος</em></strong></span> <span class='ocrx_word' id='word_1_346' title='bbox 1181 3572 1237 3637; x_wconf 72' lang='grc' dir='ltr'><strong><em>καὶ</em></strong></span> 
     </span>
     <span class='ocr_line' id='line_1_39' title="bbox 137 3652 1238 3743; baseline 0.001 -21"><span class='ocrx_word' id='word_1_347' title='bbox 137 3658 318 3732; x_wconf 74' lang='grc' dir='ltr'><strong><em>κατασείσας</em></strong></span> <span class='ocrx_word' id='word_1_348' title='bbox 326 3660 366 3743; x_wconf 73' lang='grc' dir='ltr'><strong>τῇ</strong></span> <span class='ocrx_word' id='word_1_349' title='bbox 376 3656 452 3736; x_wconf 76' lang='grc' dir='ltr'><strong><em>χειρὶ</em></strong></span> <span class='ocrx_word' id='word_1_350' title='bbox 466 3652 550 3719; x_wconf 73' lang='grc' dir='ltr'><strong><em>εἶπεν</em></strong></span> <span class='ocrx_word' id='word_1_351' title='bbox 556 3682 567 3733; x_wconf 85' lang='lat'>;</span> <span class='ocrx_word' id='word_1_352' title='bbox 587 3668 620 3717; x_wconf 89' lang='lat' dir='ltr'><strong>ut</strong></span> <span class='ocrx_word' id='word_1_353' title='bbox 637 3660 675 3721; x_wconf 83' lang='lat'><strong>19</strong></span> <span class='ocrx_word' id='word_1_354' title='bbox 693 3660 752 3722; x_wconf 88' lang='grc'><strong>883</strong></span> <span class='ocrx_word' id='word_1_355' title='bbox 773 3658 950 3732; x_wconf 68' lang='grc' dir='ltr'><strong><em>κατασείσας</em></strong></span> <span class='ocrx_word' id='word_1_356' title='bbox 961 3654 1018 3739; x_wconf 73' lang='grc' dir='ltr'><strong>τὴν</strong></span> <span class='ocrx_word' id='word_1_357' title='bbox 1031 3665 1114 3740; x_wconf 79' lang='grc' dir='ltr'><strong><em>χεῖρα</em></strong></span> <span class='ocrx_word' id='word_1_358' title='bbox 1124 3656 1238 3740; x_wconf 70' lang='grc' dir='ltr'><strong><em>ἢθελεν</em></strong></span> 
     </span>
     <span class='ocr_line' id='line_1_40' title="bbox 140 3736 1237 3828; baseline 0 -22"><span class='ocrx_word' id='word_1_359' title='bbox 140 3738 357 3826; x_wconf 68' lang='grc' dir='ltr'><strong><em>ὀπολογεῑσθαε</em></strong></span> <span class='ocrx_word' id='word_1_360' title='bbox 370 3746 413 3828; x_wconf 77' lang='grc' dir='ltr'><strong>τῷ</strong></span> <span class='ocrx_word' id='word_1_361' title='bbox 429 3736 533 3826; x_wconf 57' lang='lat' dir='ltr'><strong>sirium</strong></span> <span class='ocrx_word' id='word_1_362' title='bbox 556 3752 589 3800; x_wconf 83' lang='lat' dir='ltr'><strong>ut</strong></span> <span class='ocrx_word' id='word_1_363' title='bbox 607 3745 647 3806; x_wconf 85' lang='grc'><strong>21</strong></span> <span class='ocrx_word' id='word_1_364' title='bbox 664 3740 723 3805; x_wconf 84' lang='lat'><strong>40:</strong></span> <span class='ocrx_word' id='word_1_365' title='bbox 746 3739 765 3807; x_wconf 81' lang='lat' dir='ltr'><strong>d</strong></span> <span class='ocrx_word' id='word_1_366' title='bbox 779 3746 902 3817; x_wconf 76' lang='grc' dir='ltr'><strong><em>Παῦλος</em></strong></span> <span class='ocrx_word' id='word_1_367' title='bbox 918 3741 1009 3820; x_wconf 63' lang='grc' dir='ltr'><strong><em>ἑστώς</em></strong></span> <span class='ocrx_word' id='word_1_368' title='bbox 1020 3744 1070 3808; x_wconf 75' lang='grc' dir='ltr'><strong>ἐπὶ</strong></span> <span class='ocrx_word' id='word_1_369' title='bbox 1083 3750 1146 3808; x_wconf 74' lang='grc' dir='ltr'><strong><em>τοῖν</em></strong></span> <span class='ocrx_word' id='word_1_370' title='bbox 1160 3740 1237 3807; x_wconf 75' lang='grc' dir='ltr'><strong><em>ἄνα-</em></strong></span> 
     </span>
     <span class='ocr_line' id='line_1_41' title="bbox 137 3826 1237 3915; baseline 0.003 -25"><span class='ocrx_word' id='word_1_371' title='bbox 137 3826 440 3911; x_wconf 65' lang='lat' dir='ltr'><strong>{indesinentium</strong></span> <span class='ocrx_word' id='word_1_372' title='bbox 459 3831 499 3912; x_wconf 74' lang='grc' dir='ltr'><strong>τῇ</strong></span> <span class='ocrx_word' id='word_1_373' title='bbox 517 3827 594 3907; x_wconf 71' lang='grc' dir='ltr'><strong><em>χειρὶ</em></strong></span> <span class='ocrx_word' id='word_1_374' title='bbox 611 3830 655 3911; x_wconf 75' lang='grc' dir='ltr'><strong>τῷ</strong></span> <span class='ocrx_word' id='word_1_375' title='bbox 670 3830 751 3913; x_wconf 73' lang='grc' dir='ltr'><strong><em>λαῷ,</em></strong></span> <span class='ocrx_word' id='word_1_376' title='bbox 780 3833 894 3909; x_wconf 73' lang='grc' dir='ltr'><strong><em>πολλῆς</em></strong></span> <span class='ocrx_word' id='word_1_377' title='bbox 916 3827 950 3893; x_wconf 80' lang='lat' dir='ltr'><strong>di</strong></span> <span class='ocrx_word' id='word_1_378' title='bbox 969 3835 1056 3915; x_wconf 76' lang='grc' dir='ltr'><strong><em>σιγῆς</em></strong></span> <span class='ocrx_word' id='word_1_379' title='bbox 1072 3830 1237 3913; x_wconf 71' lang='grc' dir='ltr'><strong><em>γενομένης</em></strong></span> 
     </span>
     <span class='ocr_line' id='line_1_42' title="bbox 139 3907 1237 4000; baseline -0.001 -22"><span class='ocrx_word' id='word_1_380' title='bbox 139 3907 358 3994; x_wconf 76' lang='grc' dir='ltr'><strong><em>ποοσεφόνησε</em></strong></span> <span class='ocrx_word' id='word_1_381' title='bbox 370 3924 427 3974; x_wconf 84' lang='lat' dir='ltr'><strong>etc.</strong></span> <span class='ocrx_word' id='word_1_382' title='bbox 469 3915 544 3972; x_wconf 90' lang='lat' dir='ltr'><strong>item</strong></span> <span class='ocrx_word' id='word_1_383' title='bbox 555 3916 597 3978; x_wconf 88' lang='grc'><strong>26</strong></span> <span class='ocrx_word' id='word_1_384' title='bbox 615 3915 649 3975; x_wconf 88' lang='grc'><strong>13</strong></span> <span class='ocrx_word' id='word_1_385' title='bbox 670 3907 735 3978; x_wconf 77' lang='grc' dir='ltr'><strong>τότε</strong></span> <span class='ocrx_word' id='word_1_386' title='bbox 747 3911 766 3977; x_wconf 81' lang='grc' dir='ltr'>ό</span> <span class='ocrx_word' id='word_1_387' title='bbox 778 3917 902 3990; x_wconf 75' lang='grc' dir='ltr'><strong><em>Παῦλος</em></strong></span> <span class='ocrx_word' id='word_1_388' title='bbox 916 3910 1090 4000; x_wconf 74' lang='grc' dir='ltr'><strong><em>ἆσσλογεῖτο</em></strong></span> <span class='ocrx_word' id='word_1_389' title='bbox 1104 3914 1237 3989; x_wconf 69' lang='grc' dir='ltr'><strong><em>ἐκτείνας</em></strong></span> 
     </span>
     <span class='ocr_line' id='line_1_43' title="bbox 139 3994 437 4080; baseline 0.007 -21"><span class='ocrx_word' id='word_1_390' title='bbox 139 3994 197 4079; x_wconf 68' lang='grc' dir='ltr'><strong>τὴν</strong></span> <span class='ocrx_word' id='word_1_391' title='bbox 209 4004 302 4080; x_wconf 75' lang='grc' dir='ltr'><strong><em>χεῖρα.</em></strong></span> <span class='ocrx_word' id='word_1_392' title='bbox 344 4002 437 4061; x_wconf 79' lang='lat' dir='ltr'><strong>Rrrr.</strong></span> 
     </span>
    </p>

    <p class='ocr_par' dir='ltr' id='par_1_6' title="bbox 139 4083 1237 4420">
     <span class='ocr_line' id='line_1_44' title="bbox 229 4083 1237 4167; baseline 0 -22"><span class='ocrx_word' id='word_1_393' title='bbox 229 4083 300 4147; x_wconf 77' lang='grc'><strong>121.</strong></span> <span class='ocrx_word' id='word_1_394' title='bbox 338 4101 415 4163; x_wconf 90' lang='lat' dir='ltr'><strong>quas</strong></span> <span class='ocrx_word' id='word_1_395' title='bbox 428 4084 563 4165; x_wconf 86' lang='lat' dir='ltr'><strong>sequitur</strong></span> <span class='ocrx_word' id='word_1_396' title='bbox 577 4084 757 4164; x_wconf 73' lang='lat' dir='ltr'><strong>comparatio</strong></span> <span class='ocrx_word' id='word_1_397' title='bbox 770 4098 888 4148; x_wconf 85' lang='lat' dir='ltr'><strong>nonest</strong></span> <span class='ocrx_word' id='word_1_398' title='bbox 901 4084 1026 4167; x_wconf 78' lang='lat' dir='ltr'><strong>indigna</strong></span> <span class='ocrx_word' id='word_1_399' title='bbox 1037 4086 1143 4167; x_wconf 82' lang='lat' dir='ltr'><strong>quovis</strong></span> <span class='ocrx_word' id='word_1_400' title='bbox 1156 4085 1237 4145; x_wconf 92' lang='lat' dir='ltr'><strong>bono</strong></span> 
     </span>
     <span class='ocr_line' id='line_1_45' title="bbox 141 4167 1237 4252; baseline 0.005 -27"><span class='ocrx_word' id='word_1_401' title='bbox 141 4171 242 4246; x_wconf 70' lang='lat' dir='ltr'><strong>poeta.</strong></span> <span class='ocrx_word' id='word_1_402' title='bbox 283 4187 386 4227; x_wconf 83' lang='lat' dir='ltr'><strong>versus</strong></span> <span class='ocrx_word' id='word_1_403' title='bbox 403 4172 527 4249; x_wconf 81' lang='lat' dir='ltr'><strong>optimi3</strong></span> <span class='ocrx_word' id='word_1_404' title='bbox 557 4179 588 4227; x_wconf 87' lang='lat' dir='ltr'><strong>et</strong></span> <span class='ocrx_word' id='word_1_405' title='bbox 607 4167 700 4229; x_wconf 88' lang='lat' dir='ltr'><strong>habet</strong></span> <span class='ocrx_word' id='word_1_406' title='bbox 719 4190 791 4230; x_wconf 85' lang='lat' dir='ltr'><strong>sans</strong></span> <span class='ocrx_word' id='word_1_407' title='bbox 810 4191 871 4231; x_wconf 91' lang='lat' dir='ltr'><strong>non</strong></span> <span class='ocrx_word' id='word_1_408' title='bbox 889 4192 985 4252; x_wconf 83' lang='lat' dir='ltr'><strong>pauoa</strong></span> <span class='ocrx_word' id='word_1_409' title='bbox 998 4173 1143 4251; x_wconf 77' lang='lat' dir='ltr'><strong>corippus</strong></span> <span class='ocrx_word' id='word_1_410' title='bbox 1156 4171 1237 4231; x_wconf 83' lang='lat' dir='ltr'><strong>bone</strong></span> 
     </span>
     <span class='ocr_line' id='line_1_46' title="bbox 141 4252 1233 4338; baseline 0.005 -28"><span class='ocrx_word' id='word_1_411' title='bbox 141 4261 175 4310; x_wconf 87' lang='lat' dir='ltr'><strong>et</strong></span> <span class='ocrx_word' id='word_1_412' title='bbox 187 4252 362 4332; x_wconf 70' lang='lat' dir='ltr'><strong>aequalibus</strong></span> <span class='ocrx_word' id='word_1_413' title='bbox 378 4255 439 4312; x_wconf 87' lang='lat' dir='ltr'><strong>suis</strong></span> <span class='ocrx_word' id='word_1_414' title='bbox 456 4255 592 4313; x_wconf 85' lang='lat' dir='ltr'><strong>meliore.</strong></span> <span class='ocrx_word' id='word_1_415' title='bbox 622 4257 748 4314; x_wconf 77' lang='lat' dir='ltr'><strong>Bsuru.</strong></span> <span class='ocrx_word' id='word_1_416' title='bbox 800 4277 869 4315; x_wconf 82' lang='lat' dir='ltr'><strong>cum</strong></span> <span class='ocrx_word' id='word_1_417' title='bbox 883 4259 970 4336; x_wconf 88' lang='lat' dir='ltr'><strong>posui</strong></span> <span class='ocrx_word' id='word_1_418' title='bbox 985 4258 1037 4314; x_wconf 89' lang='lat' dir='ltr'><strong>ubi</strong></span> <span class='ocrx_word' id='word_1_419' title='bbox 1053 4267 1117 4316; x_wconf 83' lang='lat' dir='ltr'><strong>erat</strong></span> <span class='ocrx_word' id='word_1_420' title='bbox 1131 4278 1233 4338; x_wconf 81' lang='lat' dir='ltr'><strong>quom.</strong></span> 
     </span>
     <span class='ocr_line' id='line_1_47' title="bbox 139 4337 1236 4420; baseline 0.005 -25"><span class='ocrx_word' id='word_1_421' title='bbox 139 4355 236 4417; x_wconf 83' lang='lat' dir='ltr'><strong>agger</strong></span> <span class='ocrx_word' id='word_1_422' title='bbox 251 4347 298 4398; x_wconf 85' lang='lat' dir='ltr'><strong>est</strong></span> <span class='ocrx_word' id='word_1_423' title='bbox 309 4338 406 4397; x_wconf 88' lang='lat' dir='ltr'><strong>moles</strong></span> <span class='ocrx_word' id='word_1_424' title='bbox 421 4357 517 4420; x_wconf 85' lang='lat' dir='ltr'><strong>aquae</strong></span> <span class='ocrx_word' id='word_1_425' title='bbox 529 4339 645 4398; x_wconf 74' lang='lat' dir='ltr'><strong>obieeta</strong></span> <span class='ocrx_word' id='word_1_426' title='bbox 655 4338 696 4399; x_wconf 91' lang='lat' dir='ltr'><strong>ad</strong></span> <span class='ocrx_word' id='word_1_427' title='bbox 704 4337 927 4420; x_wconf 83' lang='lat' dir='ltr'><strong>prohibendum</strong></span> <span class='ocrx_word' id='word_1_428' title='bbox 937 4343 1095 4403; x_wconf 84' lang='lat' dir='ltr'><strong>fluviorum</strong></span> <span class='ocrx_word' id='word_1_429' title='bbox 1107 4346 1236 4405; x_wconf 72' lang='lat' dir='ltr'><strong>meriste</strong></span> 
     </span>
    </p>
   </div>
   <div class='ocr_carea' id='block_1_5' title="bbox 0 0 1384 4625">
    <p class='ocr_par' dir='ltr' id='par_1_7' title="bbox 0 0 1384 4625">
     <span class='ocr_line' id='line_1_48' title="bbox 0 0 1384 4625; baseline 0 0"><span class='ocrx_word' id='word_1_430' title='bbox 0 0 1384 4625; x_wconf 95' lang='lat' dir='ltr'><strong> </strong></span> 
     </span>
    </p>
   </div>
  </div>
 </body>
</html>
