2750 4625
427 371 487 440 DE
511 371 719 444 eunomus
743 372 913 444 rusum.
1146 374 1220 448 385

127 538 231 599 ihetnr.
273 535 433 599 claudian.
449 557 559 620 paneg.
581 536 621 600 de
639 560 721 603 oons.
736 539 851 622 Olybrii
863 539 1044 601 etProbini:
1065 545 1224 605 inanimes

119 625 234 705 fratres
247 625 365 684 innotos
371 637 536 704 praeeunte
550 637 657 685 serato
669 626 837 707 iresorum
883 635 914 684 et
925 623 964 685 de
977 630 997 692 6
1013 629 1093 686 Ηοιι.
1106 630 1223 690 oonsnl.

127 709 302 790 desuetaque
315 713 411 790 cingit
419 712 521 790 regius
536 711 883 793 auratisjbmsaseibne
902 711 996 791 Ulpio
1009 711 1106 771 lictor.
1142 715 1222 775 inire

127 793 241 860 4238:
263 797 384 854 incessit
400 794 497 854 laetus
504 796 669 874 praecium
681 799 716 856 in
734 808 814 855 veste
825 808 957 856 smum.
1003 815 1131 878 quorum
1151 802 1223 879 qui·

127 877 195 938 dem
214 881 360 939 nonnulle
382 878 591 942 enirnedverse
611 892 683 943 sunt
705 902 722 941 e
741 883 812 943 viris
835 880 947 957 doctis,
977 884 1080 942 omnis
1095 883 1222 961 enullo,

127 962 207 1045 quod
220 968 323 1024 seiam.
365 965 468 1047 iteque
480 970 572 1028 oneris
584 969 713 1048 peractis
728 978 849 1028 senatus
866 966 994 1027 duoebet
1010 965 1135 1028 domum
1148 988 1223 1028 oon-

127 1051 215 1109 sules.
259 1049 347 1111 ovid.
362 1048 400 1110 de
415 1051 546 1115 Pontoi
563 1050 599 1117 42
626 1053 698 1112 itule
718 1053 841 1113 &mum
859 1063 970 1132 repetes
988 1063 1048 1112 toto
1064 1055 1224 1115 monitante

126 1143 243 1206 senam,
263 1136 396 1215 efficium
403 1137 514 1217 populi
523 1139 575 1197 vis
586 1141 722 1217 sapiente
732 1138 829 1198 domo.
872 1141 1016 1199 Dmsr.
1190 1187 1193 1198 .

208 1222 283 1284 28³.
325 1221 363 1282 de
374 1224 516 1283 Marcello
536 1225 643 1284 lustini
662 1224 754 1283 fratre
775 1225 884 1284 nullibi
903 1225 1090 1283 mentionem
1110 1223 1224 1284 foetent

126 1303 257 1364 invenio.
299 1307 479 1367 Badrmrs'ue
488 1328 560 1368 vero
574 1318 626 1368 eut
640 1308 816 1368 Bodoarius
833 1314 920 1384 (nem
939 1320 1068 1391 utroque
1086 1307 1178 1369 modo
1190 1312 1224 1370 in

127 1391 347 1470 exemplaribus
368 1414 418 1453 ms
436 1394 560 1474 legitur)
583 1414 677 1474 gener
693 1395 752 1453 fuit
771 1397 878 1455 Iustini
895 1396 1047 1469 θαοωίε,
1077 1397 1131 1475 qui
1142 1414 1223 1454 enno

125 1474 219 1554 ipsius
238 1478 359 1557 imperii
379 1478 496 1539 decimo
515 1482 625 1539 missus
645 1482 680 1538 in
693 1480 813 1539 Italiam
832 1491 935 1539 contre
947 1477 1163 1559 Longobnrdos
1178 1481 1222 1539 ibi

125 1562 240 1640 proelio
253 1565 349 1623 victus
364 1575 410 1624 est
421 1585 479 1624 neo
491 1566 588 1624 multo
602 1575 670 1644 post
685 1566 777 1624 etiem
791 1576 943 1643 mortuus,
970 1567 1061 1626 nteit
1078 1567 1112 1623 in
1126 1561 1224 1625 Chro-

124 1648 192 1706 nioo
202 1644 354 1709 lohannes
368 1650 460 1710 ebbes
474 1650 664 1710 Biolorensis.
706 1652 800 1710 Rorz.

207 1730 249 1790 ib.
295 1734 479 1815 Marcellus]
501 1737 670 1795 nonestis
693 1739 746 1816 qui
766 1753 835 1794 oum
849 1735 979 1794 Alhsnio
991 1732 1117 1795 modies
1130 1734 1223 1795 lusti-

125 1817 215 1876 niano
230 1820 405 1899 imperatori
417 1830 462 1879 est
472 1822 609 1895 molitus,
632 1829 672 1879 et·
686 1821 890 1879 ooniurstione
911 1818 1028 1879 detecte
1049 1817 1151 1900 gladio
1171 1822 1222 1880 in—

126 1901 268 1963 onmhens
278 1907 465 1966 inconsultae
477 1908 653 1965 temeritatis
665 1925 779 1985 poenes
793 1925 811 1964 s
826 1925 859 1965 se
868 1916 964 1965 morte
976 1909 1089 1985 exegit,
1104 1916 1139 1965 nt
1150 1924 1223 1964 ner·

125 1997 171 2045 est
182 1989 351 2068 Dieoonus,
373 1990 429 2052 sed
442 1992 537 2066 olins,
559 1992 644 2051 ouius
658 1994 773 2050 mentio
786 1991 872 2049 nulle
890 1987 972 2069 opud
984 1988 1141 2049 historicos
1158 1992 1223 2051 eius

124 2075 236 2132 neentt
251 2074 334 2156 quod
347 2079 452 2152 scium,
474 2087 505 2137 et
518 2088 621 2135 temen
636 2096 707 2135 eum
720 2077 828 2135 Iustini
841 2076 966 2133 fratrem
977 2075 1050 2132 iecit
1065 2073 1223 2154 corippus.

122 2157 264 2219 Demsr.
306 2181 368 2222 non
381 2164 492 2242 legitur
504 2164 538 2221 in
551 2161 622 2220 uilis
636 2170 773 2219 veterum
783 2161 987 2218 monumentis
999 2159 1117 2217 Iustino
1120 2159 1224 2238 fuisse

114 2242 263 2324 fratrem,
286 2266 356 2305 oum
377 2249 454 2306 eliee
471 2248 536 2306 eius
555 2248 656 2304 minus
671 2255 753 2303 ortae
767 2240 1002 2303 necessitudines
1016 2254 1137 2302 notetee
1151 2245 1224 2306 sint.

124 2347 218 2410 quere
233 2335 369 2411 suspicor
380 2333 495 2413 fratris
506 2334 540 2389 in
553 2330 727 2410 obsequism
749 2326 790 2389 ed
808 2348 910 2390 mtrem
930 2349 1124 2411 amoremque
1135 2332 1223 2411 prin-

124 2417 200 2495 oipis
220 2419 293 2475 novi
313 2418 397 2476 velut
416 2418 582 2476 fraternum
599 2417 700 2494 potius
724 2434 816 2496 quum
838 2418 1017 2494 sanguinem
1032 2414 1223 2477 referendum

124 2519 201 2559 esse.
242 2503 452 2577 notissimum,
482 2503 535 2582 qui
556 2503 705 2560 artissime
725 2511 863 2560 ementur
885 2513 916 2561 et
928 2511 1046 2578 ament,
1078 2521 1223 2581 gennano

10 2612 11 2617 1
122 2584 317 2666 fraternoque
330 2606 432 2647 emore
445 2608 478 2647 se
493 2585 617 2666 diligero
632 2588 763 2646 invicem
775 2585 845 2646 diei.
875 2584 983 2667 quodsi
995 2583 1055 2647 hoo
1068 2607 1224 2647 oommen·

123 2679 190 2728 tum
199 2672 301 2731 minus
312 2673 421 2752 pleoet,
442 2693 498 2753 per
508 2674 615 2733 fratres
628 2671 756 2733 duorum
769 2691 905 2732 sororum
917 2668 967 2730 hio
979 2670 1081 2732 meriti
1092 2674 1225 2752 intelligi
1301 2680 1304 2687 ’

122 2767 259 2834 possunt,
273 2759 688 2839 irnperetornimirumnovus
702 2768 732 2818 et
743 2757 978 2817 isteMumellus.
997 2767 1096 2837 potest
1108 2778 1179 2817 vero
1192 2767 1225 2818 et

122 2839 267 2900 Bsduerii
274 2843 706 2904 froteriuisseMeroellusiste.
728 2841 782 2904 sed
791 2845 864 2903 oerti
871 2841 1079 2903 nihilonimus.
1095 2845 1223 2902 Bsnru.

122 2929 260 3007 Asssgrii
267 2928 430 2989 lectionem
439 2932 583 2989 intectum
593 2930 711 3011 reliqui,
726 2918 868 2990 sedsiies
876 2938 930 3003 est,
947 2929 1161 3007 melimlegere
1168 2948 1224 3007 per

123 3015 310 3093 synaeresim
316 3017 514 3087 Marmoreas,
529 3034 621 3097 quem
627 3018 758 3075 lustinus
768 3017 896 3075 Orientis
909 3012 1018 3073 ducem
1031 3014 1223 3088 renuntiavit,

123 3107 156 3156 et
163 3117 255 3178 quem
261 3102 449 3180 imperatoris
457 3098 630 3180 ἐξάδελφον,
642 3099 677 3159 id
685 3112 729 3161 est
736 3101 955 3174 consobrintnn,
963 3109 1050 3158 voest
1056 3094 1225 3177 Theophs-

10 3258 11 3263 η
122 3201 180 3242 nes
187 3182 348 3263 Byzantius
361 3185 442 3266 epod
448 3184 600 3264 Photitun,
612 3181 1225 3265 defamilieimperstorieTheophyleotus

122 3264 298 3344 Simocetto,
310 3274 424 3331 Iustino
431 3292 540 3352 genere
549 3275 741 3332 coniunctum
748 3272 906 3351 Euagrius.
929 3271 1224 3328 Martinusnomins-

122 3363 175 3412 tur
185 3356 218 3412 in
231 3352 378 3416 Chronico
390 3356 587 3438 Theophanis
599 3368 666 3417 tum
679 3360 794 3421 Graeco
806 3368 872 3417 tum
886 3357 919 3413 in
931 3356 1073 3414 Latinum
1085 3372 1171 3413 remo
1185 3352 1223 3412 eb

102 3454 105 3461 ’
122 3441 283 3500 Anastasio
297 3439 541 3519 bibliothecario3
563 3463 624 3525 que
633 3436 828 3503 dereeotlem
837 3442 960 3500 nomine
972 3446 1069 3519 potuit
1083 3441 1184 3513 etiem,
1196 3439 1225 3498 si

121 3527 233 3602 meris,
248 3526 566 3609 scorippoeppellsri.
595 3527 668 3588 hino
675 3539 777 3588 eutem
784 3528 936 3605 intelliges
945 3523 1224 3606 quoqueourhioin

123 3614 270 3671 oomitetn
289 3615 363 3671 novi
384 3614 572 3694 imperatoris
593 3612 710 3694 primus
722 3622 926 3687 recenseatur,
956 3613 1120 3691 postposito
1133 3612 1225 3669 etiem

121 3695 297 3773 Beduerio,
330 3701 384 3780 qui
397 3701 469 3759 novi
483 3700 672 3784 imperatoris
689 3709 752 3760 erut
775 3718 869 3780 gener
888 3704 922 3756 'et
934 3716 1010 3755 mox
1022 3697 1119 3755 festus
1138 3713 1226 3754 euro-

121 3784 237 3862 pelsto.
280 3781 485 3865 Theophanes
497 3783 655 3846 oniusdem
667 3786 805 3844 Marcelli
817 3784 963 3857 meminit,
980 3801 1070 3863 quem
1083 3782 1225 3840 Iustinia-

122 3885 185 3927 nus
197 3871 351 3950 copiarum
363 3869 517 3933 duetorem
531 3872 564 3930 in
578 3874 686 3930 Perses
699 3872 782 3929 misit
795 3890 822 3928 o.
836 3868 909 3934 561.
952 3870 1053 3928 Fooo.

211 3953 285 4019 284.
328 3974 422 4035 gener
439 3957 547 4018 iustini
567 3957 626 4016 init
646 3955 840 4025 Baduoriuo,
867 3953 1057 4025 Badoarine,
1087 3950 1139 4011 vel
1158 3948 1225 4007 eliis

122 4036 310 4111 Briluorius,
334 4060 427 4122 quem
446 4053 552 4102 oetsvo
569 4044 691 4122 imperii
709 4061 788 4100 enno
802 4041 912 4119 pugnis
930 4056 1052 4098 oeesnm
1066 4054 1084 4093 o
1099 4034 1224 4095 euhion-

120 4122 210 4182 leriis
230 4127 348 4185 metus
369 4125 524 4202 exhibuit3
555 4130 640 4187 otius
660 4129 706 4186 rei
724 4125 902 4204 indignitate
927 4121 1106 4204 (eratenim
1126 4138 1226 4181 eomes

121 4209 330 4289 imperialium
343 4211 544 4291 mbulormn)
560 4224 643 4272 moto
657 4210 772 4293 Sophia
795 4211 881 4269 flexit
894 4208 1044 4267 lustinum
1061 4203 1102 4263 ed
1120 4207 1222 4285 poeni

120 4296 271 4370 tentiem3
298 4297 352 4377 qni
365 4298 399 4355 in
416 4298 533 4357 stabulo
553 4300 713 4358 oommisse
733 4294 918 4376 supplicibus
937 4291 1037 4350 verbis
1053 4287 1219 4370 depremtm

121 4389 173 4441 est
185 4379 425 4463 Bidnsriumque
444 4384 581 4445 convivio
601 4379 749 4442 adhibuit.
775 4377 868 4453 ¹hseo
881 4379 1044 4437 Disoonus.
1086 4384 1157 4436 sunt
1174 4378 1219 4457 qu
