2750 4625
187 320 261 394 186
486 326 655 396 CORIPPI
677 332 735 399 DE
759 334 965 404 LAUDIBUS

265 489 432 552 iamserris
445 512 582 554 suoourre
594 495 665 556 tuis.
706 516 761 558 nos
773 510 875 560 nostra
888 501 1003 563 iubenti
1118 523 1123 531 ·

182 594 246 658 870
266 590 447 653 credidimus
462 593 594 655 domino.
636 597 722 657 vobis
738 603 805 681 quis
818 614 915 662 vestra
930 616 1064 684 negaret,

157 724 162 733 ·
265 715 334 754 oum
345 706 476 755 vestium
486 708 531 757 est
541 696 761 779 quodmundus
768 700 881 763 habeti
896 707 964 782 sois,
978 726 1095 767 summe
1103 720 1271 788 regentum,

263 798 383 877 publius
395 798 468 879 quid
483 811 579 859 vestro
592 803 706 880 prosint
720 809 897 863 commercia
910 806 992 868 fison.

263 897 345 957 unde
357 899 467 958 tributu
480 901 540 958 tuis
553 899 713 962 suecedent
726 924 825 964 annua
840 907 939 982 rebus,

263 999 381 1060 desiciet
396 1003 422 1059 si
437 1011 537 1060 nostra
551 1000 682 1061 menus‘l
725 1003 780 1062 tibi
795 1008 905 1065 militat
918 1027 1006 1067 omne

178 1101 240 1167 875
261 1101 344 1184 quod
357 1104 504 1182 gerimus:
525 1123 595 1177 nos,
618 1123 695 1185 quae
709 1114 760 1163 tua
775 1117 859 1182 sunt,
880 1112 995 1188 privata
1011 1131 1161 1172 vocamus.

259 1208 314 1264 vix
328 1205 414 1264 uobis
429 1207 507 1264 ritae
523 1215 658 1264 oonstant
672 1207 814 1266 alimenta
830 1208 953 1270 diurnae

260 1307 394 1383 afflictis,
416 1327 493 1389 quae
505 1309 596 1386 longa
610 1306 674 1366 dies
689 1309 838 1390 longoque
850 1312 953 1372 labore

124 1470 133 1481 ‚
259 1429 323 1468 sors
339 1412 470 1488 quaerit,
490 1428 658 1490 parvosque
672 1409 754 1469 cibos
768 1412 823 1469 sub
838 1425 925 1472 noote
939 1411 1091 1496 reponit.”

260 1510 330 1568 flere
344 1509 396 1569 diu
407 1520 506 1570 tantos
518 1512 648 1570 lacrimis
660 1531 722 1570 non
735 1530 840 1591 passus
853 1517 967 1577 acerbis

175 1612 238 1675 380
258 1609 409 1671 condoluit
420 1616 582 1688 miserans,
604 1624 635 1672 et
647 1634 680 1673 se
692 1615 801 1693 pietate
816 1616 933 1695 subegit

255 1713 373 1792 legibus
390 1716 467 1774 ultro
480 1717 553 1775 suis.
589 1707 709 1774 “aliena
722 1710 872 1795 pecunia”
892 1716 970 1777 dixit

251 1807 424 1874 “reddenda
439 1826 499 1892 est,
523 1819 609 1876 virus
622 1821 700 1898 patri
714 1820 766 1899 qui
779 1820 909 1879 substitit
920 1816 1043 1884 hem?

253 1914 408 1978 tlresanms
420 1917 488 1977 fidis
501 1920 630 1998 privatos
645 1921 722 1978 ferre
735 1920 878 1978 ministris

250 2022 387 2102 imperat.
428 2023 602 2080 innaunerae
615 2040 690 2080 mox
702 2018 848 2079 advenere
862 2032 995 2083 ostervae

166 2118 230 2189 886
249 2124 337 2182 fortia
350 2126 482 2181 centenis
494 2126 632 2182 oneratae
645 2120 767 2181 brachia
780 2123 875 2182 libris.

250 2223 412 2305 deposuere
427 2221 575 2299 hmneris3
596 2235 711 2284 turmae
725 2226 927 2303 glomerentur
937 2225 971 2284 in
984 2247 1087 2305 urrusn,

247 2337 278 2388 et
292 2338 370 2386 totus
381 2329 449 2386 fuso
462 2329 555 2386 oirous
568 2325 752 2407 resplenduit
764 2347 847 2387 suro.

247 2441 316 2491 runo
328 2433 425 2511 posita
440 2432 553 2489 ratione
566 2429 685 2508 palam,
705 2430 876 2511 populoque
892 2429 1022 2509 vidente,

245 2528 346 2590 debite
358 2533 500 2611 persolvit
514 2534 673 2611 genitoris,
696 2541 782 2590 oeuta
794 2534 915 2610 recepit.

158 2635 224 2698 890
244 2631 352 2712 gaudia
365 2644 475 2715 quanta
485 2634 564 2709 illio,
586 2644 714 2714 quantus
728 2632 827 2694 lavor!
849 2631 982 2715 undique
995 2634 1090 2694 lsetus

243 2737 359 2794 tollitur
373 2737 406 2793 in
422 2736 538 2794 eaelum
550 2738 730 2815 populorum
744 2737 857 2795 elamor
869 2746 1022 2797 ovantum.
1131 2715 1136 2732 ¹

242 2838 388 2896 mirantur
401 2856 552 2915 proceres,
572 2839 719 2895 mirantur
731 2839 802 2897 talia
812 2837 926 2917 plebes.
1042 2905 1047 2914 Ι

242 2936 313 2997 hino
325 2939 408 2996 rutili
420 2939 521 2997 lucent
533 2935 642 2998 chartis
654 2937 825 2998 ardentibus
838 2940 934 3015 ignes,
1039 2919 1045 2932 ⁴

242 3037 313 3100 hino
324 3037 419 3097 radiat
431 3039 549 3098 fulvaun
562 3051 734 3099 oonoertaus
746 3040 865 3118 ignibus
878 3057 994 3097 aurum.

158 3141 221 3208 895
240 3139 312 3200 hino
326 3138 441 3202 chartas
455 3142 582 3201 flammis
597 3143 752 3222 subigunt,
773 3140 844 3200 hino
856 3137 987 3219 pondere
999 3139 1082 3202 fusos

240 3231 550 3324 exaequantsolidos',
572 3254 602 3302 et
613 3244 731 3301 lenoem
743 3244 852 3322 polliae
867 3244 998 3321 pulsant.

237 3353 308 3403 tuno
322 3346 435 3405 sinibus
450 3347 548 3425 plenis
561 3345 687 3419 abeunt,
708 3354 892 3426 quaestuque
902 3347 1048 3425 laborant,

237 3448 381 3529 elatisque
396 3449 489 3508 oculis
501 3467 556 3527 pro
571 3448 633 3506 rita
644 3447 787 3525 principis
803 3459 898 3508 orant.

233 3551 343 3628 largior
353 3553 491 3609 inventus
507 3561 592 3631 pater
605 3559 667 3626 est,
690 3550 864 3609 elementior
874 3548 967 3629 idem,

148 3647 210 3718 400
229 3653 281 3731 qui
297 3654 403 3711 virtute
419 3654 512 3711 annui
523 3663 656 3711 mentem
668 3654 792 3711 caleavit
802 3650 945 3732 habendi,

230 3753 349 3831 publiea
360 3756 474 3832 privato
489 3774 558 3812 oum
570 3753 669 3814 debite
683 3753 820 3814 redderet
836 3776 907 3814 auro

228 3864 334 3933 sponte
348 3875 419 3930 sua,
444 3854 582 3940 dontinus
597 3860 691 3916 servis
705 3860 860 3918 miseratus
878 3858 991 3936 egenis.

227 3958 392 4036 prisoorum
406 3954 463 4016 hoo
475 3978 535 4016 uuo
548 3960 619 4016 vicit
632 3978 729 4017 notus
741 3960 841 4016 omnia
854 3959 932 4017 facto

228 4059 306 4116 facta
320 4060 387 4136 pius
399 4062 546 4140 princeps.
590 4063 727 4141 quamvis
741 4061 866 4118 meliora
878 4073 1050 4141 sequautur,

144 4154 206 4223 405
227 4156 284 4217 hoo
293 4162 423 4238 primum
436 4172 538 4221 tssueu
552 4181 641 4220 omen
654 4173 735 4236 erat,
757 4160 838 4243 quod
851 4161 952 4224 nullus
965 4184 1089 4226 ssorum

226 4262 375 4343 Augustos
390 4283 524 4349 unquam
538 4263 644 4325 ueoiitit
657 4263 762 4325 iecisse
776 4265 900 4344 priores.
