2750 4625
465 208 523 276 nn
546 206 754 278 ennomus
780 159 950 278 murno.
1076 146 1080 150 ⁸
1180 210 1256 286 ooo

160 371 285 457 quidem
297 370 389 435 hebet
403 372 479 436 silv.
495 375 513 438 1
528 370 567 450 4,
589 393 667 456 quae
678 370 729 435 hic
743 383 861 436 noster:
882 395 937 435 nec
951 372 1070 436 muscis
1086 376 1173 437 desc
1186 379 1253 459 Py·

160 481 242 534 rens,
263 460 488 541 lurgztepotius
507 458 714 541 mUsigrcrges
733 459 1253 543 urhuuemsqus'rupiturdeflmte

160 556 221 605 tato.
265 565 323 605 nec
343 555 388 606 est
408 565 461 607 cur
480 543 596 605 laboret
616 547 663 606 vir
682 543 787 607 doctus
806 548 996 624 Bernartius,
1019 548 1132 607 cumin
1148 546 1250 610 codice

159 632 412 710 Argentoratensi,
435 632 488 712 qni
499 649 593 709 penes
607 650 658 690 rne
672 639 727 707 est,
748 632 791 690 its
805 632 932 712 legatur,
953 630 1145 693 meoiudicio
1160 645 1251 698 recte.

159 714 251 775 fidem
265 716 380 776 faciunt
392 711 527 775 eiusdem
544 716 682 777 lectionis
699 714 844 777 editiones
856 718 988 778 Venetae
1002 725 1033 775 et
1044 718 1249 781 Florentinse:

162 801 413 883 ...Iurgccpcttoe
425 799 636 884 mihigurgss,
656 804 689 862 in
701 800 829 863 haustus
839 804 893 885 qui
903 804 1023 881 rapitur
1033 801 1168 883 defiute
1185 815 1246 865 toto.

156 886 299 948 omer.

243 970 297 1037 47.
340 967 490 1053 quomodo
502 973 557 1033 sub
570 972 694 1032 nomine
713 972 808 1035 rimli
822 982 919 1054 gestet
932 972 1074 1061 principis
1089 971 1248 1034 officimni

158 1056 271 1115 vellem
286 1058 485 1136 explicassent
503 1060 562 1118 ista
578 1061 764 1139 interpretes.
806 1057 862 1120 sed
874 1056 964 1117 nihili
978 1077 1025 1117 res
1041 1068 1101 1117 est:
1123 1061 1149 1118 si
1167 1060 1250 1118 enim

158 1142 301 1221 principis
313 1142 445 1201 officium
457 1154 563 1223 gestat,
584 1126 726 1225 principis
740 1144 794 1204 sub
808 1146 931 1204 nomine
945 1152 1056 1222 gestat,
1077 1162 1139 1203 non
1155 1162 1249 1225 quse-

159 1228 258 1286 storis.
301 1237 333 1285 at
347 1228 480 1287 officium
491 1231 634 1310 principis
647 1228 698 1289 hio
708 1229 887 1290 beneficium
899 1231 966 1308 capi
978 1226 1081 1304 debet,
1111 1226 1151 1287 ad
1167 1226 1250 1309 quod

158 1310 278 1390 penitus
290 1309 516 1392 adipiscendum
534 1316 704 1374 auctoritate
720 1318 884 1397 quaestoris
898 1333 972 1394 opus
986 1311 1125 1373 hebebat.
1147 1316 1249 1393 itaque

103 1450 109 1461 ,
158 1398 221 1456 iam
242 1397 297 1456 sub
320 1400 442 1458 nomine
460 1396 550 1457 huius
571 1420 603 1460 se
625 1409 744 1478 gustare
763 1403 941 1460 suavitatem
958 1401 1059 1478 regiae
1080 1400 1145 1479 opis
1165 1396 1250 1457 dicit.

158 1478 238 1541 nihil
249 1483 357 1542 certius
372 1501 465 1564 quam
479 1483 686 1545 scribendum:
708 1483 765 1544 ereb
778 1487 865 1544 οιιίιω
879 1476 997 1543 nonum
1006 1494 1106 1563 grum.
1151 1483 1251 1561 impe-

29 1619 33 1625 .
159 1575 251 1626 trarat
264 1569 346 1626 enim
357 1569 421 1627 iam
433 1572 531 1649 regias
543 1570 674 1646 litteras,
699 1589 774 1651 quas
789 1568 840 1629 hic
855 1568 941 1628 offert
955 1570 1122 1644 Anastasio,
1144 1577 1180 1626 ut
1194 1565 1252 1627 do·

159 1662 229 1711 cent
239 1649 457 1732 praecedentis.
501 1656 654 1735 eleganter
664 1672 735 1714 vero
751 1673 791 1713 ex
802 1673 856 1713 suo
867 1673 951 1713 more
962 1651 1040 1712 dixit
1049 1662 1140 1732 grato
1147 1695 1160 1724 ,
1183 1672 1252 1712 oum

157 1737 266 1817 plenus
283 1738 396 1798 fructus
421 1739 559 1798 beneficii
578 1738 715 1799 nondum
731 1738 910 1799 advenisset.
954 1741 1040 1797 etita
1055 1741 1250 1818 imperotores

159 1823 248 1881 aliive
265 1824 413 1902 principes
436 1834 571 1903 gustasse
589 1827 751 1905 imperinm
765 1822 920 1899 diurnum,
948 1825 1001 1905 qui
1016 1822 1101 1882 brevi
1115 1832 1250 1903 tempore

158 1904 364 1986 possederunt.
386 1910 510 1969 Bsnrn.
553 1910 687 1969 rimlum
699 1907 777 1968 mihi
789 1908 909 1970 videtur
921 1905 1020 1966 dicere
1033 1927 1103 1968 suos
1116 1909 1198 1987 ipsos
1210 1907 1249 1967 de

157 1989 299 2052 laudibus
311 1995 499 2072 imperatoris
513 1998 620 2055 lustini
634 1996 738 2055 libros.
780 1993 837 2053 sub
857 1996 944 2052 eruite
966 1993 1097 2063 nomine,
1116 1990 1175 2052 hoc
1193 2002 1248 2069 eet,

157 2079 243 2137 ouius
257 2081 431 2140 anctoritate
444 2099 498 2139 seu
510 2082 652 2156 consilio,
680 2090 733 2139 aut
746 2081 773 2138 si
786 2080 899 2152 mavis,
930 2094 989 2156 quo
1003 2086 1137 2154 patrono.
1180 2076 1250 2136 ride

157 2162 270 2226 intrat
289 2163 338 2228 15.
360 2165 459 2225 Boou.
499 2168 594 2245 gesto]
616 2153 722 2242 virgil.
735 2166 813 2222 Aen.
832 2163 945 2225 1819:
966 2161 1092 2240 vs'rgimo
1110 2180 1142 2218 os
1161 2159 1251 2219 taht-

157 2258 281 2328 tumque
290 2266 407 2328 gerens.
453 2259 484 2309 et
498 2254 520 2316 2
533 2252 592 2315 89:
624 2258 653 2306 et
672 2267 726 2306 noo
746 2244 912 2328 uliqrsaudo
929 2264 1092 2325 nomenque
1105 2244 1252 2327 doctoque

155 2336 313 2414 munus.
357 2335 457 2394 Foco.

242 2417 295 2483 48.
322 2436 429 2497 gerens
440 2420 583 2479 nimirum
594 2437 754 2500 personam
761 2417 869 2498 pc‘e'toe
881 2438 936 2479 seu
946 2417 1153 2498 panegyristae
1167 2417 1251 2497 prin-

159 2501 235 2582 cipis
249 2504 376 2581 Augusti
388 2507 575 2585 imperatoris
588 2507 734 2600 lustinix
746 2507 780 2562 in
794 2502 873 2562 hanc
886 2505 1066 2564 sententiam
1080 2503 1168 2560 facile
1182 2521 1251 2560 rne-

159 2606 230 2645 oum
248 2587 322 2663 ibis,
350 2590 378 2647 si
397 2592 531 2650 conferas
553 2596 569 2654 1
589 2596 621 2656 7.
663 2588 845 2649 Claudianus
866 2589 899 2647 in
914 2588 1040 2668 praefat.
1056 2584 1251 2667 Epithalamii

158 2669 288 2730 Palladii
305 2683 336 2732 et
349 2674 520 2735 celerinae:
542 2695 663 2733 carmen
676 2695 762 2734 autor
770 2676 895 2754 generi,
916 2674 1009 2732 soceri
1020 2673 1182 2731 reuerentia
1190 2691 1251 2749 po·

159 2758 229 2828 scit,
250 2758 346 2837 officio
362 2763 455 2833 vatis,
477 2760 581 2820 milr'tis
595 2759 743 2840 obsequio.
766 2761 866 2819 Boou.
909 2756 948 2818 dc
967 2758 1065 2816 officio
1082 2759 1116 2814 in
1137 2757 1249 2837 palutio

158 2839 269 2902 isthinc
292 2847 455 2906 coniectato
482 2865 544 2906 non
563 2843 732 2905 accedimus
754 2842 923 2905 doctissimo
940 2845 1126 2922 Dernpstero.
1169 2842 1249 2901 bona

158 2946 230 2987 vero
243 2929 419 3007 simplicitas
432 2934 466 2990 in
479 2929 569 2991 huius
582 2935 688 3012 pottae
703 2931 772 2991 stilo
784 2928 862 2989 mihi
872 2930 971 3009 potior
984 2939 1028 2988 est
1042 2929 1171 2986 aliorum
1186 2929 1250 2985 eius

158 3014 226 3070 sevi
239 3009 449 3076 semibarbaris
462 3015 710 3076 adfectationibus
723 3014 898 3096 granditatis
913 3025 944 3074 et
956 3010 1140 3073 eruditarum
1150 3021 1251 3069 truns-

158 3096 319 3175 lenonum,
354 3119 433 3182 quae
458 3119 521 3161 uno
540 3121 630 3181 saepe
649 3102 742 3161 verbo
764 3109 957 3180 corrumpunt
976 3099 1147 3157 universam
1167 3096 1251 3155 velut

158 3179 290 3242 studiose
300 3190 510 3247 narrationem.
551 3189 674 3247 Birra.

242 3269 469 3333 Aaounsrun
496 3290 607 3333 cerrus
627 3288 836 3333 ursrcrrcurs.
891 3269 1023 3329 lustinus
1049 3265 1165 3346 minor,
1197 3264 1250 3346 qui

159 3361 190 3412 et
210 3351 374 3432 secundus,
408 3358 581 3418 Dulcissimi
600 3358 679 3418 filius
701 3355 846 3439 (3182),
880 3354 1037 3415 lautiniani
1056 3351 1185 3430 Augusti
1210 3369 1251 3408 ex

158 3457 258 3498 sorore
263 3441 425 3520 vigilantia
437 3462 542 3522 nepos,
556 3444 593 3502 sb
608 3443 755 3502 arrmculo
766 3442 835 3501 vivo
847 3442 880 3498 in
891 3440 960 3498 aula
969 3436 1110 3497 educatus
1125 3434 1161 3518 (4
1175 3432 1250 3514 190)

158 3534 190 3583 et
201 3525 346 3587 Palatinis
359 3527 464 3587 officiis
474 3531 650 3609 impositus,
671 3527 769 3587 dictus
784 3536 830 3586 est
842 3524 913 3585 inde
926 3524 1119 3604 curopalates.
1159 3521 1248 3578 Paul.

157 3610 282 3670 Diacon.
302 3612 357 3671 lib.
378 3615 416 3676 16
442 3615 477 3671 in
496 3613 556 3673 fine
577 3614 744 3673 Iustiniani.
788 3608 876 3669 drrxit
898 3612 932 3669 in
953 3628 1081 3668 uxorem
1104 3603 1249 3685 Sophiam

156 3692 337 3757 Theodorou
354 3698 507 3777 Augustae
521 3709 663 3779 neptem,
693 3715 785 3780 quam
800 3705 968 3756 consortem
983 3695 1103 3774 imperii
1124 3709 1249 3752 corona-

158 3788 222 3838 tam
231 3778 367 3859 αᾰισῑνίῐ,
382 3785 420 3844 cb
433 3784 509 3843 urbe
524 3782 643 3845 couno
660 3784 752 3859 1318,
767 3792 884 3861 apertu
897 3780 1050 3840 salutifero
1065 3779 1138 3843 558·
1150 3776 1249 3854 placet

79 3915 93 3941 ἡ
159 3867 241 3924 enim
250 3867 376 3928 Diaconi
393 3872 582 3950 supputatio,
613 3888 709 3951 aqua
729 3866 871 3928 recedunt
883 3868 941 3927 riri
958 3863 1087 3925 maximi
1102 3871 1134 3919 et
1143 3860 1249 3919 Iontioi

82 3957 87 3961 '
159 3949 417 4030 inaugurationem
433 3967 550 4035 ponunt
567 3958 601 4014 in
620 3974 699 4014 anno
721 3953 827 4014 solutis
847 3951 922 4018 666.
963 3952 1049 4012 initio
1067 3946 1250 4026 prinoipem·

105 4061 108 4065 >
159 4034 228 4113 pius
245 4035 375 4098 edictum
392 4043 546 4121 proposuit
559 4039 719 4101 catholicis
734 4040 789 4099 sub
803 4039 950 4099 avunculo
963 4032 1173 4107 vehementer,
1192 4047 1250 4087 na-

98 4189 101 4196 ,
160 4121 310 4182 scentibus
321 4121 510 4204 haeresibus,
532 4127 676 4202 turbatis3
697 4125 830 4185 liberalis
844 4125 918 4183 etin
930 4139 1030 4183 saeros
1042 4115 1162 4178 ordines
1179 4133 1250 4195 pro-

87 4201 99 4222 ⁴
158 4203 254 4266 fluns·
297 4219 400 4288 postes
418 4231 480 4272 non
498 4215 594 4273 caruit
606 4213 776 4293 suspicione
786 4208 946 4270 haerems
956 4204 1137 4285 Pelagianos
1152 4219 1250 4262 assor·
