2750 4625
125 227 201 308 214
502 229 842 301 nizzuccttnnm
903 217 907 224 ’

126 411 198 462 note
216 396 333 483 quoda
351 399 498 480 Procopio
520 398 648 479 abisqae
667 398 788 457 Graecis
807 394 1000 475 scriptoribus
1014 409 1126 452 nomen
1138 392 1222 453 illius

126 489 210 546 urbis
223 497 268 544 est
283 487 446 550 Θεοδοσίου
459 478 557 558 πόλις.
599 482 668 542 ride
683 495 712 542 et
728 477 809 561 apud
819 484 862 539 be
874 483 986 555 erien,
1007 490 1042 538 ut
1056 490 1087 537 et
1096 474 1224 541 isont-

127 595 184 635 νου
203 565 303 644 πόλις,
327 572 560 633 Kavasarslroo
578 563 681 643 πόλις,
705 569 858 629 Φιλίππου
879 562 983 638 πόλις,
1004 575 1036 622 et
1054 564 1113 621 alia
1134 564 1223 643 plura

128 653 302 715 huiusmodi
321 655 442 714 urbium
460 658 593 713 nomina.
636 652 787 733 duplicem
802 645 1059 729 Theodosiopolin
1075 659 1223 707 memorat

127 743 307 820 Procopius:
328 761 421 799 unam
433 760 542 820 nempe
557 737 629 798 dicit
641 738 679 797 ele
691 735 799 816 Aedis.
816 740 837 799 2
853 740 873 798 2
890 756 959 816 opp.
971 747 995 793 t.
1010 738 1073 814 ap.
1087 738 1142 809 82,
1164 752 1222 812 pa-

127 845 196 884 rum
215 824 375 884 distantem
397 826 434 883 ab
454 827 527 884 urbe
544 827 624 882 Dara
644 827 676 882 iu
696 824 928 902 Mesopotamia,
950 832 980 879 et
995 840 1022 878 o.
1037 822 1057 882 5
1074 839 1106 897 p·
1120 822 1161 882 87
1181 817 1222 910 ad

127 911 240 969 flurnen
258 908 428 972 Aborrham
446 915 552 984 sitam3
575 910 701 967 alteram
723 927 794 966 rem
814 908 847 963 in
869 907 1008 964 Annenia
1025 905 1118 963 inisse
1130 922 1223 962 anon·

128 1005 202 1055 strat
215 996 290 1072 ilass
308 1014 335 1054 a.
353 999 370 1064 1
387 1017 418 1076 p.
433 998 474 1062 52
488 1007 517 1054 et
531 1015 557 1053 c.
571 995 591 1061 5
604 1015 636 1074 p.
650 996 689 1057 58
702 1003 731 1051 et
742 1009 823 1073 serp,
845 1002 1002 1071 utramque
1016 999 1117 1047 autem
1129 992 1222 1048 losti-

127 1083 252 1139 nianum
272 1084 436 1141 munivisse
456 1084 551 1139 muris
571 1088 671 1137 contra
689 1079 874 1136 incursiones
893 1079 1061 1134 Persarum.
1101 1076 1165 1132 imo
1184 1075 1223 1133 ds

128 1161 205 1223 hello
219 1167 305 1224 Pers.
324 1166 340 1227 1
361 1170 399 1229 10
420 1167 461 1224 ait
478 1168 590 1223 Darem
603 1167 635 1221 in
648 1165 864 1242 Mesopotamia
879 1172 909 1220 et
920 1158 1175 1238 Theodosiopolin
1188 1163 1222 1220 in

128 1254 272 1309 Armenia
290 1248 329 1308 ad
340 1252 563 1312 Penanneniae
583 1248 658 1307 fines
678 1250 770 1308 fuisse
786 1245 844 1305 duo
857 1245 1079 1325 propugnacula
1093 1243 1133 1302 ad
1145 1247 1220 1303 Per—

128 1354 178 1394 sas
197 1332 382 1394 infestandos
397 1333 648 1394 commodissima.
692 1353 781 1411 saepe
796 1342 943 1389 memorat
956 1333 1117 1407 Procopius
1130 1347 1221 1408 prae-

130 1422 217 1498 cipue
229 1418 308 1478 haue
322 1420 427 1480 mbem
438 1421 567 1479 inlibris
581 1419 618 1477 de
631 1415 708 1477 delio
721 1419 855 1485 Persico,
876 1414 931 1474 sed
944 1413 1130 1478 obsidionem
1144 1418 1219 1489 eius,

129 1523 221 1583 quam
239 1506 325 1564 nobis
346 1524 426 1562 nunc
448 1507 543 1585 aperit
563 1506 723 1585 (iosippus,
751 1503 960 1581 praetermisit.
1001 1498 1129 1558 sanast
1149 1515 1221 1560 eam

128 1593 217 1647 tacite
229 1591 327 1647 innuit
344 1591 361 1652 1
378 1611 405 1647 o.
421 1591 472 1654 15.
1025 1601 1029 1608 '
1210 1609 1213 1618 ’

138 1673 141 1678 ’
212 1674 265 1738 75.
309 1672 346 1731 de
363 1672 421 1733 boc
433 1677 593 1732 Persarum
606 1668 681 1729 duce
693 1667 763 1729 ride
777 1671 956 1748 Procopium
967 1671 1081 1750 passim
1092 1681 1220 1752 utroque

127 1757 160 1817 iu
174 1758 250 1816 libro
264 1757 300 1817 de
315 1758 390 1817 bello
404 1759 489 1817 Pers.
505 1769 535 1816 et
548 1758 584 1816 ele
601 1754 677 1813 bello
695 1756 785 1814 Goth.
802 1755 840 1830 4,
861 1755 915 1812 ubi
937 1757 1048 1815 Graece
1070 1768 1115 1816 est
1131 1762 1221 1836 Mep-

128 1837 248 1923 psrpdnr.
290 1863 360 1901 eum
379 1841 531 1902 obsedisse
553 1843 767 1922 Martyropolis
784 1850 814 1898 et
829 1837 1064 1920 Archaeopolin,
1088 1853 1117 1900 et
1132 1862 1221 1901 acce·

128 1938 180 2005 pta
195 1924 279 1985 clade
290 1939 447 2008 utramque
460 1925 648 1986 obsidionem
661 1928 801 2000 solvisse,
818 1935 920 1983 narrat
926 1928 1088 2005 Procopius
1098 1926 1220 1986 debello

129 2014 215 2070 Pera.
233 2013 251 2074 1
271 2015 309 2076 st
333 2023 363 2072 et
383 2013 420 2073 de
433 2011 509 2070 bello
526 2011 616 2071 Goth.
633 2009 655 2075 4
676 2009 734 2085 14,
759 2029 919 2090 mnusque
938 2011 1046 2069 frastra
1067 2010 1221 2072 obsedisse

129 2094 348 2175 Archaeopoiin
368 2098 477 2176 iegitur
490 2099 532 2155 ib.
548 2118 574 2155 o.
591 2098 630 2158 17
646 2115 677 2173 p.
694 2093 766 2159 614.
809 2094 864 2154 sed
882 2094 919 2152 de
939 2094 1094 2154 obsidione
1114 2096 1220 2158 Theo-

129 2179 292 2261 dosiopolis
306 2179 384 2240 nibil
398 2185 542 2263 reperitur
556 2178 637 2261 apud
650 2182 846 2259 Procopium,
867 2182 972 2238 utiam
982 2185 1098 2240 monui.

212 2271 266 2332 76.
309 2265 447 2349 ringebat
462 2269 578 2326 moens'a
593 2285 688 2325 muro.
733 2267 815 2345 Virg.
828 2266 909 2324 Aa».
924 2270 946 2331 6
961 2265 1024 2332 499
1037 2277 1068 2325 et
1081 2269 1101 2330 4
1115 2270 1169 2333 88.

211 2354 266 2418 77.
306 2354 462 2432 imperitus
479 2354 617 2412 librarius
638 2370 679 2409 ex
699 2351 810 2410 dfeait
829 2351 871 2422 ol,
897 2349 981 2432 quod
999 2351 1104 2411 mendi
1122 2364 1219 2432 genus

128 2450 219 2516 saepe
242 2441 383 2513 orruerit,
405 2447 439 2496 ut
456 2448 560 2498 monet
581 2436 772 2495 casaubonus
793 2440 826 2495 ia
846 2437 1042 2500 Commerrtor.
1059 2439 1105 2497 od
1124 2439 1220 2499 Dico-

123 2520 247 2599 parasti
262 2514 400 2582 Characa
417 2520 438 2586 4
457 2544 490 2603 p·
505 2525 547 2586 71
564 2519 613 2579 ed.
629 2519 727 2599 bugd.
745 2522 896 2586 1608*νοί
915 2543 947 2601 p·
961 2523 1002 2586 59
1021 2521 1069 2581 ed.
1088 2525 1218 2605 cobtng.

119 2609 223 2671 1768.
265 2608 371 2666 Doroa
391 2616 436 2666 est
450 2609 521 2667 urbs
540 2608 739 2665 snttnitissima
752 2626 845 2685 prope
858 2608 983 2667 Nisibin.
1026 2607 1096 2666 vide
1108 2612 1220 2670 Proco-

129 2692 215 2768 pium
230 2690 355 2750 debello
368 2695 454 2753 Pers.
469 2698 596 2771 otioque
611 2693 644 2748 iu
659 2692 736 2750 libro
750 2695 863 2770 passim
878 2701 909 2749 et
922 2693 1005 2751 alibi.
1047 2693 1129 2772 apud
1143 2714 1219 2753 ean-

128 2772 199 2832 dem
215 2777 326 2835 Graece
343 2796 462 2854 semper
476 2788 521 2835 est
536 2778 642 2835 Doroa
660 2796 771 2834 nornen
786 2775 1015 2851 indeclinabile,
1037 2781 1094 2836 etsi
1104 2781 1137 2837 in
1148 2800 1219 2838 rer-

128 2860 212 2917 sione
233 2878 286 2918 sua
304 2862 460 2919 Maltretns
482 2863 586 2919 iecerit
602 2860 707 2932 Dora,
729 2862 844 2919 Darne.
887 2861 930 2919 ib.
948 2862 966 2923 1
986 2864 1025 2924 18
1038 2872 1068 2918 et
1082 2882 1146 2942 seq.
1162 2862 1219 2921 de-

128 2944 266 3002 scribitur
287 2946 434 3024 praelium
452 2944 647 3005 memorabile
662 2946 719 3004 sub
734 2947 892 3004 moenibus
906 2947 1004 3002 Darae
1019 2964 1088 3002 cam
1102 2949 1222 3025 ingenti

129 3028 287 3087 Persarum
302 3027 396 3089 clade.
430 3032 573 3088 Romanis
588 3039 724 3106 praeerat
736 3031 916 3105 Beiisarins,
934 3030 1033 3088 Persis
1045 3042 1217 3093 autemnon

127 3112 308 3189 Mermetois
320 3113 374 3174 sed
386 3118 496 3173 Peroze
508 3111 684 3172 Mirrhanes.
1141 3176 1145 3185 ,

211 3202 263 3263 84.
306 3198 393 3259 ovid.
406 3202 484 3258 Met.
497 3199 517 3263 5
535 3201 576 3262 89
589 3207 619 3255 et
633 3199 674 3261 12
691 3195 770 3261 695³
794 3217 966 3256 roacrmere
979 3201 1112 3260 canuam
1124 3200 1213 3260 hosti.

210 3286 264 3347 89.
306 3286 432 3360 Sanari,
454 3295 487 3343 ut
503 3285 603 3362 potui,
624 3279 706 3341 huna
722 3302 857 3359 versum,
879 3293 909 3341 et
924 3303 1061 3343 sensuam
1085 3286 1139 3345 sed
1152 3290 1217 3346 for-

127 3372 206 3425 tasse
222 3368 334 3428 excidit
350 3368 400 3428 hie
412 3390 482 3451 pars
497 3368 624 3427 duomm
637 3388 796 3444 versuum,
819 3379 848 3427 et
860 3372 1015 3451 utriusque
1028 3390 1133 3430 versus
1146 3390 1216 3451 pars

126 3459 243 3598 tealtsmm
263 3465 308 3513 est
328 3466 454 3515 serrata.
495 3473 550 3534 pro
560 3453 691 3538 parsum
706 3454 765 3512 feci
787 3452 884 3536 effluo
901 3466 1020 3514 secutus
1034 3458 1116 3534 vap.
1131 3459 1213 3517 Aea.

189 3538 229 3600 05
242 3541 306 3603 et'l
324 3541 472 3601 titt—8.

212 3626 265 3687 91.
306 3625 389 3701 virg.
409 3623 491 3683 Aen.
512 3625 532 3686 9
550 3620 632 3687 468:
651 3633 829 3704 contorque
847 3625 928 3685 ories
950 3623 1119 3703 mpcelsir
1139 3629 1220 3708 aogs's

126 3707 345 3785 quisquemon
390 3709 443 3766 ubi
459 3708 511 3765 alii
522 3718 624 3766 tamen
637 3709 742 3788 legunt
755 3730 834 3768 euos.

210 3795 264 3857 92.
304 3791 436 3851 hederae.
481 3793 524 3851 sio
544 3794 577 3849 iu
597 3792 718 3868 codiee3
740 3795 810 3868 nbi,
832 3794 891 3851 nisi
908 3793 1052 3852 malueris
1070 3796 1218 3874 comigere

126 3875 258 3947 indicus,
278 3879 334 3935 erit
351 3878 474 3936 iudaeus
485 3896 547 3936 vox
561 3874 699 3938 addenda
714 3882 820 3939 lexicis
834 3881 966 3953 Latinis,
989 3890 1019 3938 et
1030 3878 1138 3938 eadem
1152 3882 1218 3940 iotb

126 3971 207 4020 tasse
228 3980 263 4020 aa
281 3962 412 4033 ancer,
433 3980 542 4041 nempe
564 3962 726 4043 maglorius,
746 3975 781 4023 ut
799 3962 880 4044 apud
899 3964 976 4026 Stat.
999 3961 1100 4025 Theb.
1116 3969 1137 4031 9
1156 3970 1217 4033 108

121 4049 283 4126 patuitque
295 4046 442 4125 mglonue
452 4049 539 4106 ensis.

210 4133 253 4190 ib.
297 4132 426 4192 barnam
470 4152 561 4211 saepe
585 4129 818 4211 adspirationem
845 4130 976 4192 admittit
1003 4131 1080 4193 baec
1100 4153 1163 4195 vox
1183 4136 1216 4193 in

127 4227 228 4276 norbo
246 4217 363 4297 codice,
386 4229 416 4279 et
437 4238 493 4299 ego
513 4238 581 4279 earu
597 4221 707 4279 manui
724 4216 895 4302 ubicunqne
915 4228 1030 4298 exstat,
1050 4222 1107 4280 etsi
1121 4222 1217 4280 sciam
