2750 4625
414 287 679 359 lonnltnlnos
704 291 783 358 LIB.
806 292 863 360 ΙΙΙ.

176 472 318 514 concussa
333 454 449 515 servios
464 455 563 532 firrnrr
586 458 746 541 subitoque
760 462 934 521 tremiscens
1019 478 1021 481 ·

177 558 334 631 conticuit,
357 567 501 638 vastoque
516 557 556 619 nd
569 571 679 619 terrum
691 559 824 640 pondere
838 563 935 638 fluxit,

175 670 206 718 et
221 657 345 719 dubium
360 678 498 721 murmur
514 658 631 721 defesse
643 683 699 742 per
713 682 780 723 osse
794 667 932 723 cucurrit.

86 759 153 826 145
174 762 231 838 sic,
253 761 306 820 ubi
318 759 525 842 lymphigeros
542 760 662 823 deducit
675 764 774 823 fistule
789 775 899 824 tractus

175 883 243 921 sere
256 882 346 938 cavo,
367 862 500 947 liquidus
514 862 588 925 dum
599 884 719 925 currens
730 865 866 927 funditur
877 871 984 941 amisis,

176 983 263 1024 rauce
279 985 407 1042 sonnns,
429 967 574 1047 placitum
588 968 616 1027 si
630 967 736 1027 flnctus
750 970 854 1027 sistere
868 967 984 1045 dunos,

177 1067 261 1126 obice
277 1078 410 1127 contorto
426 1069 563 1148 pctrrlnm
576 1065 656 1127 celer
668 1080 731 1128 orte
744 1073 888 1149 magister

177 1168 301 1227 obstruit
314 1172 411 1230 omnis
425 1174 500 1244 iter3
520 1181 626 1230 vertex
639 1181 792 1233 truncetur
803 1191 948 1252 aquarum

90 1267 155 1337 160
175 1270 309 1330 obicibus
323 1273 449 1348 clausis,
473 1270 512 1331 cd
523 1274 638 1331 fontem
652 1273 750 1332 ressuit
762 1275 870 1349 amnis,

175 1384 206 1432 et
219 1374 352 1454 reliquus
364 1375 444 1435 iesse
456 1378 630 1435 transcurrit
640 1376 757 1435 rivulus
772 1374 863 1435 rmdn.

215 1477 377 1556 Responsis
388 1478 504 1537 sublate
517 1478 604 1536 novis
616 1473 786 1557 gaudetque
799 1479 944 1558 siletque:

173 1597 304 1659 nomque
317 1576 441 1639 humilis
453 1598 527 1659 gens
538 1580 593 1639 illa
605 1580 674 1639 fuit.
717 1590 819 1641 temen
831 1581 929 1638 omnis
941 1580 972 1636 in
986 1582 1074 1643 illrnn

174 1700 301 1763 spesque
317 1692 475 1762 metusque
490 1684 566 1743 coit:
589 1701 707 1741 sucrum
720 1692 898 1762 servantque
911 1681 1082 1766 foventque,

89 1783 153 1852 165
171 1787 378 1864 promissoque
392 1783 451 1842 sibi
463 1784 595 1843 latorum
609 1804 733 1842 munere
747 1781 891 1863 gaudent.

217 1886 368 1966 Septimus
383 1895 413 1943 et
426 1882 558 1944 decimus
571 1895 744 1947 nascentem
757 1893 892 1945 serrem
904 1902 1010 1961 sunus,

173 2008 242 2047 csnn
254 2007 330 2068 puer
341 1987 480 2047 infaustis
493 1984 625 2047 admovit
636 1987 759 2047 brochis
771 1988 868 2047 furtis.

173 2091 267 2150 Cursu
282 2100 315 2148 ut
330 2090 484 2148 Herculeis
503 2094 646 2153 cariturus
660 2094 727 2151 lnce
741 2092 870 2164 lacertis,

171 2194 267 2253 noctis
281 2194 339 2251 iter
350 2190 530 2253 metuendus
542 2194 614 2268 init,
636 2204 815 2273 reptrnnqne
828 2191 953 2249 retraxit

91 2296 151 2360 160
172 2292 325 2354 ductorem
337 2304 514 2376 patremque
529 2297 647 2375 gregis,
668 2296 807 2376 colloque
821 2293 933 2352 levavit

171 2397 300 2456 obnixus
311 2407 493 2478 portumque
506 2399 626 2473 furens,
649 2410 679 2458 et
694 2402 792 2478 pergit
807 2400 839 2455 iu
857 2406 986 2453 antrum.

171 2499 336 2579 strangulat
349 2497 420 2558 inde
434 2519 590 2578 premens,
613 2504 770 2561 constricto
786 2509 906 2578 gustum
919 2515 1032 2576 pugno.

172 2604 280 2660 counit
293 2599 467 2681 antepedes
481 2603 559 2662 eries
572 2612 736 2683 prostratus
749 2599 861 2674 anheli,

171 2702 291 2762 lnniferi
304 2723 372 2784 spes
385 2723 446 2764 mro
456 2705 567 2783 gregis.
610 2712 682 2762 tunc
696 2723 767 2763 ense
781 2704 915 2762 reclauso

91 2804 150 2872 166
172 2802 274 2885 diripit
288 2808 438 2866 astrictam
450 2826 562 2885 magno
576 2825 644 2866 cum
656 2803 789 2884 pondere
802 2806 932 2885 pellem:

170 2910 284 2967 viscere
298 2907 379 2967 nude
392 2919 506 2988 petent.
548 2909 650 2968 frustis
663 2906 828 2967 conciditur
842 2906 910 2964 sltis

173 3030 263 3069 omne
277 3030 387 3090 pecus,
407 3011 595 3090 verubusque
611 3021 773 3092 trementes
789 3010 917 3068 conserit
932 3016 1028 3066 ortus:

172 3116 268 3171 nritnr
280 3110 464 3171 horrendum
475 3113 595 3172 flmnrnn
608 3122 738 3172 torrente
753 3109 892 3171 cadaver.

170 3214 291 3292 ignibus
306 3217 339 3273 in
355 3213 464 3274 mediis
482 3217 660 3290 serniusturn
673 3216 775 3274 sorbet
790 3209 935 3269 anhelans

91 3317 150 3380 170
171 3326 201 3374 et
211 3313 361 3396 trepidus,
381 3326 537 3396 totumque
551 3319 615 3376 fero
628 3317 812 3395 consumpsit
826 3311 923 3371 hictu.
945 3303 952 3318 ⁹

212 3417 363 3497 Tempore
375 3421 438 3478 iam
451 3437 493 3476 ex
504 3419 557 3477 illo
571 3420 668 3477 suevis
683 3399 853 3478 adolescere
866 3411 954 3472 furtis

170 3518 289 3597 incipit,
311 3521 503 3601 obscurisque
516 3520 653 3580 inventes
665 3539 786 3599 poscere
800 3513 931 3598 praedis.

171 3618 318 3682 sentrude
330 3623 402 3683 inde
414 3626 511 3696 viros,
532 3639 693 3701 secumque
707 3620 747 3681 ad
758 3622 839 3684 furta
850 3613 999 3679 nefandus

171 3724 203 3780 in
218 3721 328 3785 rnediIs
340 3729 447 3786 tacitos
461 3721 623 3784 exhortans
635 3725 679 3781 ire
692 3724 822 3782 tenebris

86 3825 148 3890 175
169 3835 232 3884 erte
246 3823 349 3905 docet;
370 3839 526 3911 totumque
539 3820 631 3882 trehit
644 3825 707 3882 iam
720 3834 821 3904 reptos
835 3822 914 3882 ovile

170 3930 291 4010 iamque
308 3940 444 4000 armenta
456 3931 573 4002 bonm3-
594 3925 741 4006 celsisque
758 3920 941 3984 abscondere
954 3916 1098 4000 praedem

79 3495 96 3528 l

83 4111 138 4168 145
155 4111 268 4170 sieulll'
353 4117 402 4170 147
420 4111 577 4170 andunort
660 4107 711 4166 154
727 4105 904 4177 frumans?
960 4083 1032 4160 '158
1050 4098 1185 4181 Crcrsbl.

79 4184 217 4236 esctus'l’
298 4184 347 4239 159
364 4184 466 4247 iteris,
483 4181 604 4236 itusltl'l'
686 4178 735 4232 161
753 4175 910 4247 pomupnei
990 4175 1039 4228 172
1055 4173 1149 4239 incepit
1162 4165 1187 4220 Τ

82 4253 139 4306 176
155 4250 251 4305 berun
262 4254 335 4322 opud
349 4254 378 4306 Μ
482 4251 546 4304 ibid.
563 4246 704 4302 escendere
714 4244 809 4316 prseds
823 4245 854 4294 ‘12

133 4347 234 4403 Merrb.
255 4356 280 4401 rt
302 4350 362 4401 Cos.
956 4332 977 4388 9
1062 4317 1066 4322 ¹
