2750 4625
24 231 29 238 ἱ
128 280 212 357 404»
440 283 584 352 nom
608 281 654 350 nt
677 281 844 351 maun
866 281 917 351 111

130 470 232 512 nemo.
250 451 374 510 Voscx.
417 449 624 510 Graecismum
640 450 774 523 restitui,
797 466 857 531 quo
875 447 1023 528 corippus
1037 448 1133 506 utitur
1145 448 1238 507 etiarn

52 549 59 572 ⁸
134 544 149 602 l
173 540 215 603 80
237 543 267 594 et
287 534 361 599 224·
403 536 507 617 ltsque
520 537 606 594 nulla
620 537 654 594 in
668 556 705 596 eo
720 535 891 610 barbaries,
913 530 969 593 sed
985 534 1147 594 manifesta
1164 535 1238 593 imi·

131 624 206 682 tatio
220 621 337 680 Lucani
353 621 394 682 10
415 620 468 686 66.
510 623 611 681 Foco.

221 708 271 770 19.
315 703 489 787 emm]
514 706 596 787 spud
610 707 780 786 Pogglnum
797 702 963 763 maoaro.
998 700 1154 782 fulgine]
1181 699 1239 762 de-

133 792 249 871 signat,
272 799 307 849 nt
327 800 417 870 puto,
439 796 603 852 oneonion
622 808 846 872 gemmamque.
889 790 1005 869 species
1030 798 1077 847 est
1097 787 1237 868 laspidls.

132 877 213 939 Plin.
236 879 278 940 37
300 878 338 938 9:
359 875 532 956 fulgoron,
551 880 667 959 inquit,
689 878 822 936 elimam
838 876 973 953 rapiens,
993 874 1071 932 bene
1093 872 1135 932 ad
1157 872 1238 934 huno

133 964 246 1022 locum.
288 963 333 1021 sio
351 959 447 1036 dicta,
474 961 557 1045 qnod
575 983 645 1022 cum
660 963 839 1022 fulminibus
861 958 964 1033 cedat,
990 968 1024 1016 ut
1045 967 1076 1016 et
1093 961 1235 1018 Brontia:

132 1048 238 1127 fulgur
258 1049 341 1106 enim
364 1057 410 1106 est
429 1048 564 1124 fulmen,
592 1046 702 1109 fluidas
721 1051 754 1107 in
774 1041 932 1127 κεραυνός.
976 1041 1108 1102 Isidorus
1135 1048 1175 1108 16
1196 1047 1236 1110 1³

134 1132 195 1194 duo
222 1133 308 1212 ponit
336 1135 544 1193 cerauniorum
568 1153 699 1212 genem
728 1151 934 1213 utrumquem
956 1130 1114 1188 Cumania
1135 1132 1237 1204 mittit,

135 1218 303 1298 crystallini
322 1219 470 1278 similem
491 1223 519 1279 si
539 1220 596 1279 sub
609 1217 660 1279 dio
672 1230 818 1299 ponatur,
839 1218 991 1296 fulgorem
1011 1215 1183 1295 (Plinium,
1205 1224 1239 1273 ut

135 1304 227 1379 solet,
249 1301 439 1384 transcribit)
462 1306 540 1384 rapit
563 1302 727 1364 sidereum.
771 1305 900 1362 alterum
913 1302 1074 1380 Hispania:
1099 1302 1133 1358 in
1147 1302 1239 1359 Lusi·

134 1391 214 1448 tanis
240 1389 391 1448 littoribus
418 1393 513 1470 gigni
556 1388 628 1449 inde
654 1391 712 1450 lux
739 1387 905 1448 Claudiano
928 1384 966 1444 de
988 1383 1072 1444 laud.
1096 1386 1239 1461 Serenae,

137 1493 230 1557 quem
250 1474 362 1533 librum
383 1494 431 1535 ms
449 1496 536 1537 meus
556 1474 679 1536 Giraldo
698 1473 819 1534 cuidem
840 1472 990 1532 attribuit:
1018 1472 1240 1552 &conarisque

136 1557 194 1619 sub
209 1562 307 1618 ancre
322 1559 581 1640 igneofnlmineie
594 1561 691 1642 legere
703 1561 847 1619 ceraunia
866 1555 1026 1636 rsympltoe.
1071 1556 1150 1614 iufra
1165 1561 1239 1622 257.

137 1646 280 1704 Dratrsr.
314 1645 453 1725 sulgnm
474 1656 545 1706 suut
567 1650 645 1706 iotns
665 1647 751 1705 velut
766 1642 890 1726 quidam
904 1652 934 1701 et
948 1640 1026 1701 radii
1038 1659 1240 1720 gemmarum

138 1726 337 1816 clpudianus:
359 1731 543 1810 onrethystne
560 1733 650 1803 inest,
671 1742 700 1789 et
715 1730 828 1812 fulgor
845 1727 950 1789 Iberus
964 1730 1241 1806 temperatoroenr'r

137 1814 297 1893 hyacinthi
310 1807 433 1873 coemto
438 1818 591 1894 flammei.
637 1814 693 1875 sed
704 1814 779 1898 quid
792 1816 851 1875 sibi
866 1814 932 1872 vult
945 1810 1023 1872 illud
1035 1811 1196 1871 cernebant
1206 1814 1240 1871 in

138 1895 290 1979 Gorippo‘l
334 1901 387 1980 qui
407 1920 459 1960 me
480 1901 597 1976 audiet,
619 1900 776 1960 certabunt
791 1909 926 1979 reponet.
970 1900 1012 1957 ita
1029 1918 1100 1957 sane
1115 1899 1242 1977 elegen·

138 1987 254 2044 tissirm
277 1982 405 2060 dixerit,
425 1996 460 2048 nt
481 1987 584 2067 fulgor
606 2005 795 2066 gemmarum
815 1987 948 2043 invicem
963 1983 1046 2042 velut
1061 1986 1242 2063 pugnaverit

139 2071 200 2128 alio
219 2071 316 2128 elium
334 2074 526 2150 supervenire
538 2070 746 2132 contendente.
788 2073 906 2150 poetice
922 2089 995 2129 sane
1006 2079 1036 2126 et
1048 2079 1240 2147 pervenuste.

138 2157 266 2215 memini
286 2158 488 2235 superioribus
510 2159 733 2218 commentariis
751 2154 790 2214 ad
808 2158 999 2235 Propertium
1015 2151 1168 2234 quaedam.
1179 2174 1241 2212 no·

141 2252 205 2300 tare
226 2243 307 2322 paris
329 2241 507 2322 elegantiae.
550 2242 660 2326 quodsi
674 2244 796 2302 omnino
810 2239 888 2300 nibil
903 2238 1080 2300 mutandum
1093 2239 1240 2314 censebis,

141 2330 188 2387 uti
207 2337 238 2385 et
255 2347 287 2385 re
306 2330 372 2406 ipsa
390 2327 468 2388 nihil
490 2334 613 2389 omnino
636 2340 723 2410 puto,
747 2326 908 2386 cernebant
926 2322 1160 2407 frigidum’erit,
1180 2326 1242 2383 nisi

141 2410 250 2471 eadem
263 2410 354 2473 huius
367 2413 524 2474 cumbunt
534 2425 680 2494 potestate
692 2412 726 2473 id
742 2411 897 2473 exaudies.
940 2432 1061 2472 cernere
1076 2413 1158 2470 enim
1170 2430 1242 2469 eru·

143 2496 206 2559 dito
227 2500 364 2560 Romano
383 2520 442 2561 usu
458 2496 543 2561 idem
560 2511 606 2561 est
623 2498 707 2583 quod
729 2509 860 2577 mttere,
882 2518 976 2581 aquo
991 2508 1021 2558 et
1034 2495 1094 2558 boc
1108 2495 1242 2556 duatm.

141 2584 267 2645 Bura.
333 2583 337 2590 ’

227 2675 279 2736 20.
323 2668 361 2730 de
385 2673 454 2731 luce
472 2673 599 2733 feriente
619 2664 773 2754 laquearia
793 2670 921 2731 imitatio
943 2678 989 2729 est
1009 2670 1152 2729 Maronis.
1195 2665 1245 2731 llis

143 2766 246 2814 autem
266 2756 401 2816 versibus
423 2760 517 2819 inseri
538 2779 600 2818 non
618 2755 810 2817 incommode
824 2764 941 2837 poterat
955 2756 1008 2836 qui
1022 2774 1113 2834 supra
1126 2773 1144 2812 a
1156 2753 1246 2812 nobie

144 2842 288 2921 explosus
304 2851 367 2915 est,
393 2846 441 2905 11.
485 2845 599 2903 scribe:
620 2855 691 2904 mro
712 2841 833 2902 &bosa
849 2875 894 2887 —
909 2860 1008 2898 euooo.
1053 2841 1134 2896 mite
1152 2839 1249 2896 mmi-

143 2927 267 2985 eterc'urn
282 2925 395 2984 loetum
398 2925 537 3005 feriebat
550 2931 584 2987 in
597 2929 715 2987 aulum.
761 2940 880 2987 eanum
900 2925 982 2983 atros
1005 2934 1059 2980 etc.
1103 2923 1194 2978 ferire
1211 2924 1248 2979 in

145 3014 247 3070 aulem
265 3011 467 3073 barbarismus
488 3023 549 3089 est,
571 3033 641 3072 curn
661 3012 814 3073 idiotismo
827 3014 917 3070 etiam
930 3007 1106 3067 Genuenico
1121 3008 1247 3086 egregie

146 3116 323 3158 consonans.
355 3101 600 3178 transpositiones
612 3110 715 3158 autem
726 3096 816 3157 liuius
828 3096 946 3176 generis
959 3095 991 3149 in
1005 3093 1174 3170 priscorum
1188 3111 1247 3150 au·

11 3246 15 3255 ,
146 3193 263 3243 ctorum
276 3183 361 3242 libris
377 3184 495 3242 anobis
511 3186 633 3262 reperiri
651 3184 811 3243 mirificum
826 3189 967 3239 nonest:
989 3196 1058 3235 cum
1080 3178 1163 3234 enim
1182 3195 1245 3235 non

146 3286 215 3326 raro
230 3268 349 3328 codices
364 3270 422 3349 ipsi
434 3289 497 3328 nou
510 3270 543 3327 in
557 3270 682 3349 longas,
703 3279 737 3327 ut
750 3266 841 3327 hodie
855 3264 966 3345 ubique
980 3281 1047 3321 mos
1061 3272 1123 3337 est,
1145 3259 1245 3322 sedin

146 3348 312 3413 admodum
338 3355 445 3416 breves
473 3355 681 3430 membranas,
717 3354 878 3412 latissimas
899 3369 987 3423 vero,
1023 3357 1054 3405 et
1073 3366 1163 3427 saepe
1181 3364 1244 3403 nou

145 3438 286 3497 omnibus
315 3439 390 3500 locis
416 3443 483 3520 pari
506 3444 635 3522 puritate
664 3439 904 3499 exscriberentur
924 3435 1073 3507 camnine,
1102 3430 1244 3490 facillime

146 3523 235 3581 unius
254 3526 384 3603 paginae
406 3529 543 3606 inceptor
564 3547 669 3586 versus
689 3527 786 3605 potuit
810 3525 843 3582 in
865 3523 987 3580 ulterius
1010 3519 1089 3577 latus
1108 3517 1244 3591 naurire,

147 3617 199 3666 aut
211 3610 316 3666 notula
332 3610 465 3690 quadem
484 3614 643 3690 insignitus
659 3611 761 3671 locum
774 3629 864 3670 suum
878 3606 1083 3666 demonstrare
1097 3621 1159 3660 non
1173 3620 1247 3680 pos·

146 3691 260 3754 sidere:
281 3696 395 3754 notulis
420 3707 522 3756 eutem
537 3698 597 3756 illis
615 3699 708 3756 erasis
723 3707 775 3755 ant
790 3696 881 3773 longo
898 3703 1034 3772 tempore
1051 3688 1246 3766 consumptis,

146 3782 180 3838 in
194 3779 328 3838 alienum
341 3782 570 3840 conturbernium
583 3783 672 3841 facile
688 3802 748 3840 una
762 3782 842 3839 lines
858 3779 1010 3857 correpsit.
1053 3793 1110 3832 neo
1124 3791 1180 3850 ego
1198 3771 1249 3828 fa-

149 3866 206 3924 cile
227 3867 319 3924 etiam
337 3868 604 3945 castigatissimum
623 3868 715 3944 vulgo
743 3864 882 3925 habitum
902 3873 1055 3922 auctorem
1073 3859 1249 3940 quempiam

149 3953 274 4032 reperiri
296 3952 453 4028 existimo,
487 3954 542 4032 qui
564 3972 684 4033 prorsus
705 3949 763 4010 hac
783 3951 853 4009 labe
877 3957 991 4019 οπως
1029 3948 1061 4004 in
1087 3944 1155 4001 aliis
1176 3960 1249 4021 vero

148 4035 283 4180 llnpelgge
308 4036 427 4118 periodi
457 4035 565 4096 eadem
591 4036 650 4097 hac
681 4038 836 4095 occasione
865 4042 1020 4111 corruptae
1045 4025 1250 4088 offenduntur.

233 4162 286 4270 Pd-
329 4217 400 4266 cero
424 4205 545 4267 &boen
565 4206 716 4285 crernant]
754 4215 784 4262 et
804 4221 878 4260 mox
898 4222 930 4260 r.
949 4203 1010 4266 26:
1037 4216 1160 4257 samum
1187 4214 1252 4253 sen

149 4291 256 4345 comm
278 4311 396 4371 corpur.
442 4296 486 4355 sio
499 4292 682 4354 Prudentius
698 4288 892 4351 cathemerin.
907 4289 948 4354 10
968 4287 1028 4353 612
1050 4282 1253 4363 adspasoquc
