2750 4625
153 299 227 375 196
427 296 624 369 'conum
648 301 707 368 nu
731 250 938 368 ntunnus

235 465 310 527 scire
322 465 399 526 locis
409 463 540 526 humiles
553 448 662 549 quibus
680 476 710 525 et
726 442 835 547 quibus
848 487 900 526 ora
913 467 1035 547 superbi

152 567 215 636 315
236 565 419 648 expediant,
437 558 630 650 nostramque
642 577 747 649 petant
757 565 837 649 quod
853 570 970 647 mitiget
986 571 1073 647 uam,

237 671 477 751 prospiciantque
490 686 582 747 suae,
600 681 758 750 poscentes
773 666 912 744 foedera,
935 673 1026 731 ritae.

236 769 320 852 quod
330 781 383 831 tua
395 775 526 832 ventosis
539 774 640 833 inflata
655 772 794 852 superbia
808 771 907 830 verbis

237 872 367 949 iactitat,
391 874 517 953 ignavae
525 876 636 934 mentis
648 872 795 932 deformia
808 870 913 930 nudat.

237 973 314 1056 quid
327 976 470 1055 profugos
481 975 604 1052 laudas,
626 960 767 1055 fatuaque
781 975 893 1033 attollis
909 974 993 1033 inani

152 1078 216 1142 320
236 1087 387 1137 murram
398 1076 567 1161 populum'l
590 1096 666 1159 quae
679 1078 768 1136 fortia
782 1095 873 1156 regna
890 1076 1018 1156 subegit,

235 1179 344 1240 efferta
359 1197 433 1258 gens
445 1183 579 1240 Avarum
591 1181 726 1261 proprias
743 1175 903 1237 defendere
915 1189 1009 1240 terras

236 1300 299 1341 non
311 1283 423 1362 potuit,
444 1279 591 1362 sedesque
602 1301 671 1340 suas
684 1280 812 1359 fugitiva
825 1280 957 1361 reliquit.

234 1392 271 1443 tu
283 1384 367 1443 velut
381 1384 503 1462 ignams
517 1383 602 1443 falsis
614 1384 782 1442 rumoribus
797 1382 890 1441 audes

236 1504 314 1543 vana
325 1484 427 1565 loqui,
448 1486 587 1565 tropique
603 1482 672 1544 dolo
684 1504 763 1543 nora
776 1476 893 1544 somnio
909 1483 1008 1563 fingis.

153 1587 217 1653 326
238 1585 320 1668 quod
334 1587 390 1645 tibi
404 1606 485 1644 nunc
500 1589 599 1646 risum
612 1598 657 1646 est
670 1598 768 1646 vestro
783 1584 940 1667 adsignare
956 1588 1061 1666 labori,

178 1668 182 1677 ⁷
237 1688 385 1747 militibus
397 1690 506 1749 nostris
519 1686 592 1748 ludo
604 1668 687 1749 solet¹
696 1668 762 1748 esse
777 1686 901 1747 diurno:

237 1786 298 1849 hoc
313 1786 446 1848 studium
463 1788 608 1867 dominis,
630 1810 666 1851 aa
679 1802 749 1853 sunt
760 1810 814 1851 sua
826 1793 902 1850 seria
915 1793 1021 1852 serris.

238 1902 375 1951 sancmm
388 1889 447 1953 hoc
461 1893 622 1972 imperium
634 1904 696 1953 toto
713 1895 757 1952 sic
773 1894 873 1953 floruit
885 1894 966 1971 orbe,

238 1991 320 2053 bella
332 2013 439 2074 gerens
452 2013 616 2076 pacemque
628 2006 727 2055 mens.
761 2015 817 2055 uos
829 2016 913 2055 more
926 2010 1084 2075 parentans

154 2093 218 2159 830
235 2115 343 2176 Pacem
359 2095 529 2175 diligimus,
550 2116 705 2179 nunquam
717 2098 781 2156 fera
793 2096 873 2155 bella
885 2098 1036 2160 timemus.

238 2217 302 2278 pax
317 2209 363 2259 est
376 2200 534 2275 subiectis,
555 2211 680 2280 pereunt
691 2221 746 2280 per
758 2194 839 2258 bella
854 2201 993 2280 superbi;

238 2304 388 2381 parcimus
404 2304 556 2379 innocuis,
577 2304 655 2364 sonti
669 2324 730 2362 non
746 2303 896 2383 parcimus
913 2304 979 2364 ulli.

238 2421 288 2462 res
302 2406 436 2465 Romana
453 2404 502 2465 dei
518 2416 579 2481 est,
600 2407 725 2464 terrenis
740 2425 800 2464 nou
815 2417 883 2485 eget
898 2410 1000 2466 armis.

238 2504 305 2566 iure
316 2510 367 2587 pio
379 2511 470 2568 vivit:
491 2509 606 2567 bellum
620 2526 682 2566 non
694 2508 803 2585 ingerit
816 2509 904 2584 ultro,

155 2601 219 2671 886
238 2612 362 2690 suscipit
375 2612 504 2670 illatum.
545 2610 595 2690 vel
611 2611 637 2670 si
649 2611 760 2667 servire
773 2609 927 2688 negabunt

238 2711 374 2790 ingratae
388 2723 512 2791 gentes,
533 2715 665 2791 primum
675 2722 778 2769 tameu
790 2709 930 2770 admonet
941 2707 1045 2772 hostes
1058 2695 1062 2704 Ἰ
1117 2737 1124 2762 s

237 2832 321 2872 more
334 2813 541 2894 gubernandi:
563 2817 695 2874 monitus
711 2817 762 2898 qui
776 2817 900 2894 suscipit
912 2817 996 2890 istos,

240 2915 315 2974 vivit
328 2925 359 2974 et
373 2936 390 2975 a
405 2915 491 2975 uobis
507 2919 629 2976 meritos
643 2928 798 2997 exspectat
810 2916 949 2976 honores.

239 3016 374 3098 quisquis
387 3028 468 3076 amat
480 3037 602 3097 paoem,
623 3029 706 3079 tutus
718 3020 772 3079 sub
787 3040 860 3099 pace
871 3018 1022 3090 ruanebit3

154 3111 218 3181 340
239 3127 269 3176 et
285 3119 338 3199 qui
352 3120 433 3178 bella
446 3121 571 3196 volunt,
589 3120 737 3180 bellormn
753 3119 838 3180 clade
852 3120 1002 3199 peribunt.

241 3239 315 3299 gens
328 3240 522 3304 quaecamque
536 3243 608 3283 ausa
624 3235 668 3283 est
680 3226 815 3282 Romana
830 3223 974 3279 lacessere
989 3221 1085 3299 sigua,

238 3318 355 3380 horruit
366 3327 513 3383 extinctas
526 3327 649 3405 inopino
665 3327 791 3389 fulmine
806 3334 930 3398 turmas,

238 3423 412 3485 innumeros
423 3426 565 3486 cecidisse
578 3449 666 3508 suos,
687 3446 832 3510 regesque
846 3425 988 3504 superbos
1029 3467 1031 3470 ψ

239 3523 316 3585 vidit
329 3527 384 3586 sub
399 3532 509 3588 uostris
523 3527 655 3590 humiles
669 3533 837 3618 fractosque
851 3525 1022 3607 triumphis.

156 3627 219 3694 345
238 3647 310 3707 ergo
324 3633 410 3708 signa
423 3633 500 3690 meis
514 3629 638 3712 chagan
654 3634 798 3692 contraria
810 3632 905 3709 signis

238 3729 317 3789 ferre
333 3741 432 3810 parat,
453 3732 603 3814 lituosque
617 3733 695 3794 mihi
709 3753 888 3813 camposque
904 3730 1036 3788 minatur

240 3851 315 3913 geus
329 3836 476 3909 uranon,
498 3837 531 3892 ni
543 3847 630 3915 pacta
644 3834 773 3895 damusl
795 3845 905 3891 terrore
919 3832 1030 3911 putatis

241 3935 274 3995 id
286 3946 422 3995 nostrum
435 3937 541 3995 fecisse
557 3948 693 4016 patrem,
714 3939 872 4012 miseratus
887 3934 990 4012 egenis

243 4048 273 4097 et
287 4038 422 4118 profugis
436 4036 517 4118 quod
532 4017 610 4097 dona
625 4036 729 4096 dediti
756 4040 866 4116 pietate
879 4032 1003 4113 regendi

159 4141 221 4209 860
240 4139 300 4201 hoo
312 4142 454 4216 fachnus,
476 4142 627 4222 gratisque
641 4139 706 4198 dari
718 4142 836 4220 provisa
851 4140 999 4197 iubemus.

175 4229 180 4238 ’
242 4254 342 4304 nostra
354 4263 462 4305 manus
473 4244 558 4323 larga
571 4254 634 4323 est,
654 4262 716 4304 uon
729 4241 871 4323 prodiga:
894 4241 1021 4324 perdere
1033 4241 1137 4317 nescit,
