2750 4625
381 292 539 364 susmu
562 294 742 364 imonis
767 296 847 366 ms.
871 294 929 371 m.

230 461 309 521 Hine
323 460 405 521 aliud
419 462 538 544 pietatis
552 481 627 542 opus
640 471 705 520 tam
721 462 833 542 grande
847 475 981 524 seuttum
995 474 1052 525 est.

187 584 241 645 pra
256 567 362 625 vinatIs
376 566 480 624 flentes
495 575 606 644 nuptae
621 585 729 623 venere
742 569 867 639 munitis,

187 678 297 726 matres
308 686 362 746 pro
377 667 495 744 genitis.
537 668 630 724 nescit
644 686 762 725 servare
775 665 921 746 pudorem

102 769 166 836 410
187 770 276 828 rebus
292 772 324 827 in
341 769 459 826 afflictis
472 769 578 846 ingens
594 767 690 827 dolor.
732 771 891 827 immemor
903 770 966 828 ibat

187 872 272 930 turba
288 870 335 928 sui
349 887 458 942 sexus,
481 868 563 926 a'ultu
575 870 755 929 miserabilis
769 873 845 951 ipsa,

186 995 241 1055 pet
253 970 369 1031 medios
383 968 520 1050 populos.
562 980 722 1050 postquam
735 992 843 1031 venere
856 974 1017 1034 verendam

183 1076 317 1135 Caesaris
332 1084 400 1130 ante
413 1090 530 1147 aarum,
552 1083 675 1131 asinatae
691 1093 744 1132 sua
759 1087 879 1154 pectora
892 1076 984 1135 duras

184 1176 306 1237 illidunt
320 1188 426 1235 terrae.
464 1165 551 1255 “pius
568 1193 617 1248 es,
635 1185 720 1254 potes
736 1171 860 1235 omnia’'
881 1181 1027 1238 clamant:

98 1277 164 1347 416
180 1270 289 1337 “seme
300 1281 365 1359 pius
380 1279 533 1351 lacrimas,
555 1278 732 1335 miserorum
745 1279 864 1338 vineuia
879 1282 972 1340 solve.

184 1382 328 1441 matribus
341 1379 388 1439 his
401 1389 504 1454 ustos,
525 1375 574 1436 his
586 1380 687 1458 nuptis
701 1377 792 1438 redde
805 1384 937 1442 maritos.

185 1484 322 1542 omnibus
335 1480 409 1540 haec
424 1484 462 1540 sit
476 1481 555 1539 laeta
572 1478 651 1538 dies:
677 1491 729 1539 tua
742 1482 852 1561 gaudia
866 1488 1003 1566 princeps

182 1587 283 1644 nullas
297 1584 365 1663 agat
376 1585 478 1642 tristis.
502 1664 505 1669 Ι
521 1593 696 1640 cunctorum
709 1585 832 1642 crimina
847 1584 924 1659 dele,

183 1686 311 1766 gaudeat
327 1696 361 1744 ut
376 1685 471 1743 laetus
484 1686 551 1741 miti
563 1695 594 1742 te
608 1685 742 1764 principe
756 1684 920 1748 mundus.''

96 1787 161 1856 420
181 1787 237 1849 hes
249 1790 317 1869 pius
332 1789 448 1868 aspexit
460 1772 613 1861 lacrimis,
635 1787 832 1869 precibusque
846 1788 1000 1852 dolentum

181 1892 304 1965 annuit,
326 1900 355 1948 at
369 1889 446 1948 solvi
459 1897 580 1946 cunctos
594 1907 612 1945 a
626 1889 748 1947 erimine
762 1891 847 1950 iussit

180 2013 263 2052 more
279 1991 339 2050 dei.
381 1989 455 2049 deus
470 2000 515 2049 est
530 1991 577 2048 aui
591 1990 681 2049 verbo
699 1996 838 2072 competit
855 2014 915 2054 uno

179 2094 336 2154 iustificate
353 2092 450 2150 malos
465 2090 623 2172 mediaque
640 2111 658 2149 a
674 2106 770 2152 morte
785 2095 895 2154 levare.

181 2193 289 2254 credite
305 2196 494 2275 simpliciter:
516 2213 578 2252 vox
592 2191 666 2252 haec
679 2200 835 2255 temeraria
853 2217 913 2257 non
930 2209 986 2259 est.

95 2294 159 2362 425
179 2299 231 2378 qui
244 2296 316 2355 facit
329 2295 403 2373 hoo,
425 2294 498 2356 deus
514 2306 573 2355 est:
595 2294 669 2355 deus
685 2300 774 2356 estin
791 2299 879 2359 eorde
896 2314 1066 2382 regentum:

178 2401 361 2480 principibus
375 2402 514 2481 princeps
530 2396 671 2479 quioquid
686 2396 761 2458 deus
776 2401 918 2479 imperat,
940 2401 997 2462 hoc
1014 2416 1067 2466 eu.

179 2512 325 2588 terrarum
339 2501 459 2561 domino
474 2497 608 2559 Christus
620 2498 703 2560 dedit
715 2503 815 2561 omnia
829 2522 935 2582 posse:

178 2604 231 2662 illa
247 2614 292 2662 est
304 2604 507 2683 omnipotens,
528 2598 579 2660 hia
592 2604 803 2681 omnipotentis
816 2607 927 2684 isnago.

178 2706 307 2785 plurima
320 2714 470 2785 praeterea
482 2702 610 2762 solemni
620 2723 744 2762 munere
757 2706 881 2782 danaus,

92 2804 156 2874 480
177 2805 308 2867 dimissis
322 2808 459 2888 papulis,
481 2823 580 2865 amem
594 2808 737 2865 remeavit
751 2810 784 2867 in
800 2810 903 2869 altam.

316 3191 548 3281 LIBER
604 3191 957 3284 TERTIUS.

177 3374 324 3495 Contigit
337 3425 370 3474 ut
382 3417 520 3497 princeps
534 3419 661 3497 Augusti
674 3418 780 3475 limina
793 3418 874 3491 teeti,

174 3538 345 3601 quanquam
356 3519 434 3578 festa
447 3517 511 3578 dies
523 3530 641 3579 sextam
653 3529 875 3598 oonsumpserat
887 3516 1004 3596 homa,

174 3641 234 3680 non
248 3620 351 3681 dulces
368 3621 485 3702 epulas,
507 3641 568 3680 nou
580 3623 688 3702 pocula
702 3631 784 3699 grata
796 3623 912 3699 petivit,

172 3725 206 3781 ni
217 3727 310 3803 patris
321 3726 452 3804 primum
464 3734 600 3783 sanctum
613 3734 643 3782 et
654 3723 824 3782 venerabile
835 3742 942 3802 corpus

131 3823 153 3890 6
174 3837 310 3886 ornatum
323 3827 474 3906 exsequiis
487 3827 602 3885 tumulo
618 3824 775 3884 mandaret
788 3827 906 3903 opimis.

173 3927 335 3986 anteferes
350 3929 412 3985 iam
434 3926 550 4009 [turba]
574 3929 649 4002 ruit,
669 3927 841 4008 passimque
854 3927 1020 4006 pessulans

171 4029 332 4107 particibus
348 4030 446 4108 longis
461 4030 557 4089 stabnt
572 4049 641 4088 aum
652 4030 742 4109 plebs
754 4038 885 4104 senatus,

170 4130 295 4189 interius
308 4130 411 4191 flantes
423 4131 540 4190 famuli.
582 4151 653 4190 vasa
667 4150 756 4190 aurea
769 4131 864 4205 mille,

47 4237 56 4264 ‘
170 4230 255 4289 mille
270 4231 475 4292 columnarum
486 4235 617 4315 speeies,
638 4243 778 4313 argentea
791 4233 886 4309 milis,

1126 300 1198 370 187
