2750 4625
416 254 463 322 IN
482 254 747 327 lontnnmos
771 258 804 328 11
825 258 977 329 NOTAE.
1173 263 1248 336 229

239 416 292 485 66.
334 419 416 499 Vlrg.
429 421 512 483 Aa».
525 421 547 488 6
559 421 641 489 754:
657 423 714 483 aad
722 421 802 483 bello
811 426 915 488 viride
929 429 1025 487 virtue
1031 467 1046 499 ,
1066 437 1097 487 ei
1111 430 1152 493 10
1165 432 1245 496 609:

154 522 215 562 non
226 505 328 564 vivilo
339 504 414 566 bello
428 508 533 566 dextra
543 510 628 568 otiis.

238 589 290 654 54.
332 595 512 653 conterritae.
553 611 615 654 vox
627 592 765 653 addenda
777 596 884 655 lexicis
895 597 1026 671 Lathrin,
1051 617 1129 679 quae
1139 607 1242 660 tamen

153 678 281 733 ooonrrit
292 677 370 736 infra
383 678 513 757 pluries,
534 676 682 738 atridem
699 690 799 740 estex
813 679 915 740 Indioe
925 690 1037 746 nostro.

237 761 290 824 6⁵,
320 762 440 842 fraude
452 763 511 821 loci
522 766 603 841 Virg.
616 764 697 826 Aen.
711 768 730 828 9
745 768 817 830 897.

236 844 287 908 66.
327 868 375 905 nn
386 847 556 927 Qnigronbi
568 852 656 908 unieo
668 849 778 925 verbo;
795 848 877 931 qnod
889 846 1013 909 dnmxt
1025 851 1058 908 in
1072 844 1149 909 duo:
1171 869 1241 909 nam

150 936 198 985 eet
216 929 337 988 Gurubi
354 933 480 992 fortasse
496 932 579 991 idem
597 953 632 992 ae
652 933 767 994 &ambi
774 977 787 1004 ‚
814 932 898 1015 quod
914 932 1005 993 dietat
1025 935 1062 993 ab
1077 934 1241 995 Adrumeto

150 1009 194 1075 48
213 1032 255 1076 m.
276 1037 307 1095 p.
327 1035 368 1075 ex
388 1019 545 1076 Itinerorio
562 1018 718 1077 Antonini
732 1019 872 1099 Augreeti
888 1039 919 1098 p.
941 1020 982 1083 66
1001 1021 1043 1086 67
1066 1031 1095 1079 et
1115 1019 1177 1083 493
1192 1019 1241 1084 ed.

149 1098 277 1161 Ametel.
289 1100 368 1165 1735
399 1100 467 1161 vide
480 1114 510 1161 et
516 1104 635 1163 cellarii
648 1104 775 1166 Notiorn
784 1103 863 1163 orbis
871 1105 992 1182 antiqui
1003 1104 1024 1167 4
1037 1102 1058 1167 i
1071 1125 1101 1183 p.
1111 1103 1242 1178 tto-7,

51 1193 53 1196 ’
149 1183 204 1239 nbi
218 1181 394 1245 describitur
405 1190 558 1267 provincie
570 1191 736 1267 Zeugitana
750 1210 804 1249 reu
818 1189 1055 1263 Proooneulerie‚
1077 1192 1109 1247 in
1123 1199 1242 1269 quaeat

153 1266 280 1326 Crmebi.
322 1291 376 1350 pro
397 1292 471 1363 moe
493 1285 637 1332 neoniam
657 1274 841 1334 substantive
862 1283 982 1352 sumpta
1002 1272 1071 1333 ride
1092 1274 1242 1337 Luceni

149 1351 209 1414 62:
231 1353 358 1412 urebant
369 1369 513 1416 montona
525 1362 628 1429 nivea,
657 1362 723 1422 Liv.
738 1364 777 1422 21
793 1359 850 1422 34:
878 1369 914 1417 ut
933 1360 1011 1416 inter
1025 1369 1169 1416 montona
1178 1401 1190 1429 ‚
1212 1367 1241 1417 et

147 1437 228 1501 Pl'm.
242 1441 289 1497 H·
304 1441 348 1500 Ν.
362 1446 382 1505 6
398 1444 454 1505 19:
482 1445 517 1501 in
535 1446 685 1502 montania
703 1444 854 1519 absolute,
884 1454 918 1502 ut
934 1455 963 1502 et
974 1446 1007 1501 in
1022 1444 1120 1503 Saorie
1132 1444 1239 1503 Bibliis

147 1541 250 1602 saepe,
265 1526 358 1584 veluti
368 1528 442 1591 nuc.
452 1532 468 1591 1
482 1531 541 1591 39:
561 1527 639 1587 abiit
651 1531 685 1587 in
697 1539 854 1598 montona,
874 1538 905 1586 et
916 1548 944 1590 v.
958 1528 1017 1592 65:
1038 1550 1128 1606 anper
1137 1531 1240 1587 omnin

147 1619 294 1752 enontndrlra
305 1611 445 1673 Iudaeae.
488 1633 590 1674 rursus
602 1612 738 1674 offendes
753 1616 786 1674 in
799 1611 860 1673 hoo
869 1617 1007 1693 poemate
1020 1625 1164 1674 montano
1170 1656 1185 1686 ,
1205 1625 1239 1673 ut

146 1696 235 1752 exln
259 1697 314 1759 ἀι.
1213 1759 1220 1764 .

232 1780 283 1842 57.
325 1782 493 1839 Mereurioe
504 1781 593 1840 eolles
604 1793 679 1862 pato
691 1801 757 1842 eme
767 1782 800 1841 in
813 1784 1014 1862 promontorio
1027 1785 1176 1858 Mercurii,
1199 1779 1237 1841 de

145 1881 207 1942 qao
222 1861 290 1922 vide
304 1866 411 1930 Cellae.
425 1887 450 1928 o.
465 1869 514 1930 oit.
556 1870 617 1927 imo
632 1871 665 1926 in
677 1867 831 1926 Antonini
843 1869 1001 1926 Itanerorio
1013 1868 1099 1947 lego:
1124 1867 1237 1926 ablin-

139 1948 329 2024 plomtione,
356 1971 434 2030 qnae
451 1952 497 2010 acl
506 1953 695 2024 Mercurios,
729 1954 821 2032 iinge'
837 1973 932 2032 neque
951 1973 992 2011 m.
1009 1974 1043 2030 p.
1064 1951 1134 2019 174.
1175 1972 1237 2012 non

143 2033 343 2111 incongruum
356 2046 402 2094 eet
413 2038 581 2096 Mercurios
592 2040 692 2097 vocari
708 2039 876 2096 Mernnrioe
887 2037 987 2095 noller.
1031 2067 1038 2082 .

227 2118 269 2179 ib.
308 2122 430 2199 infirm,
449 2141 559 2201 nempe
574 2125 655 2198 loca,
678 2132 815 2202 utsupra
829 2140 857 2184 v.
872 2122 913 2185 56
928 2131 1083 2182 montano.
1105 2129 1236 2180 attamen

142 2202 263 2262 nullum
275 2201 428 2285 hueusque
445 2217 543 2265 exstet
556 2209 731 2286 exemplum
745 2204 919 2264 huiuamodi
933 2208 965 2262 in
979 2206 1096 2268 lexicis.
1150 2214 1154 2222 ‘

227 2289 279 2354 58.
321 2292 512 2369 sipostrema
531 2312 593 2351 vox
614 2303 658 2350 est
674 2312 785 2349 nomen
801 2292 971 2369 proprium,
1000 2300 1033 2348 ut
1052 2287 1128 2348 mihi
1147 2287 1235 2349 ride-

142 2381 208 2447 tur,
231 2377 301 2450 erit,
322 2377 355 2433 ni
367 2377 466 2450 fallor,
488 2377 612 2435 Aurum
623 2378 818 2435 Mauritienae
830 2377 1045 2446 caesareensis,
1068 2373 1149 2455 qnod
1161 2387 1234 2454 puto

143 2462 254 2517 reotitn
267 2462 411 2538 seriptum
422 2461 538 2520 Aurei:
566 2481 638 2519 nam
656 2463 689 2519 in
709 2463 831 2539 antiqno
844 2461 956 2518 Graeco
971 2460 1136 2518 Ptolemaei
1154 2461 1235 2518 Geo-

139 2542 291 2621 graphrire
313 2543 415 2604 eodioe
433 2549 563 2625 optimae
576 2557 665 2604 notae
679 2547 712 2602 in
725 2541 905 2602 bibliotheca
919 2544 1115 2602 Ambrosiam
1130 2543 1233 2607 adoer-

142 2637 213 2686 vaio
236 2622 338 2690 αὔων
359 2630 555 2708 legitureum
573 2632 606 2688 in
625 2640 712 2689 textu
728 2640 794 2688 mm
814 2631 847 2687 in
865 2629 964 2686 tabula
981 2630 998 2690 1
1020 2628 1156 2702 Africae,
1180 2629 1233 2688 ubi

142 2711 301 2793 utrobique
322 2714 391 2772 libri
413 2714 486 2773 editi
508 2713 621 2774 habent
641 2707 746 2778 αὔων.
788 2734 818 2776 v.
839 2711 887 2778 ed.
908 2715 961 2777 Pe.
979 2715 1073 2772 Bertii
1093 2715 1127 2772 iu
1147 2713 1234 2775 Thea.

146 2797 258 2877 Geogr.
271 2808 293 2861 t.
308 2804 323 2862 1
340 2816 370 2877 Ρ.
384 2801 455 2863 108.

226 2884 276 2947 62.
316 2881 351 2942 hi
364 2885 468 2964 populi
479 2884 600 2943 omnino
617 2895 686 2945 eunt
697 2883 802 2962 ignoti.
844 2885 987 2943 Mamm
1001 2883 1125 2942 fortasse
1138 2901 1232 2961 prope

142 2965 275 3028 desertos
294 2972 431 3047 regiones
448 2972 643 3028 mauritianae
665 2970 816 3029 Sitifensis
837 2968 1022 3044 incolebant,
1056 2968 1108 3027 ubi
1129 2966 1232 3025 aderat

143 3051 286 3132 oppidmn
304 3056 406 3118 Maori.
447 3074 477 3118 v.
497 3056 734 3133 Wesselingium
758 3056 791 3111 in
808 3056 888 3112 notis
907 3052 946 3112 ad
966 3053 1119 3112 Antonini
1139 3053 1226 3131 Aug.

143 3138 337 3198 Iomnium
350 3160 381 3218 pe
396 3143 453 3215 30,
476 3150 506 3198 et
517 3141 651 3198 Moroelli
665 3140 810 3220 Africam
826 3138 936 3197 Cirrist.
950 3148 972 3199 t.
989 3145 1003 3201 1
1021 3157 1050 3215 Ρ.
1067 3140 1137 3200 207.

225 3225 276 3286 66.
317 3244 356 3281 an
372 3225 521 3283 Silzaetoe
532 3244 550 3281 a
564 3226 660 3284 Salina
674 3226 798 3283 flumine
811 3233 965 3282 trexenmt
976 3218 1109 3280 nomen‘i
1131 3228 1230 3279 exstet

141 3326 271 3387 nemque
283 3306 361 3367 illud
377 3312 411 3367 in
421 3312 583 3388 Tingitana
597 3313 750 3388 provincia
761 3328 853 3388 prope
867 3309 1020 3367 Atlantem
1034 3308 1180 3365 minorem
1196 3307 1229 3364 in
1307 3336 1311 3345 ⁴

139 3394 306 3451 Ptolemaei
331 3394 439 3473 Geogr.
458 3392 478 3456 4
497 3395 556 3455 tab.
574 3399 589 3456 1
609 3396 738 3457 Africae.
780 3393 895 3451 ibidem
913 3411 998 3450 secus
1019 3388 1099 3449 illud
1118 3391 1230 3450 flumen

141 3487 211 3536 sunt
232 3478 333 3536 Conni
351 3481 455 3557 popuii
473 3478 637 3538 seeundum
656 3482 823 3538 versionem
835 3478 970 3535 Montani
990 3478 1022 3533 in
1040 3473 1087 3538 ed
1103 3475 1229 3538 Ametei.

143 3561 240 3637 1605,
273 3583 327 3643 pro
348 3565 456 3644 quibui
478 3566 510 3621 in
530 3575 616 3623 textu
636 3565 750 3621 Graeco
770 3563 881 3639 legitur
900 3565 1065 3635 Kerouinoi,
1097 3559 1177 3618 unde
1195 3561 1228 3617 in

140 3644 272 3707 editione
285 3650 357 3706 anni
373 3650 453 3715 1619
474 3652 565 3707 etiam
577 3651 682 3707 Latine
698 3657 768 3706 eunt
786 3647 918 3705 Canenti.
962 3648 995 3703 in
1009 3646 1111 3704 tabula
1127 3654 1227 3703 autem

140 3742 239 3791 exstat
252 3731 351 3792 adhue
369 3734 486 3803 Caneri,
514 3753 582 3791 oum
602 3731 727 3791 eaedem
745 3732 864 3790 tabulae
881 3729 1032 3789 adhibitae
1046 3731 1156 3789 inerint
1171 3749 1226 3808 pro

140 3827 265 3897 utraque
286 3818 426 3882 editione.
468 3816 548 3897 apud
561 3819 723 3877 cellarium
744 3828 790 3875 eet
807 3818 896 3875 lentio
918 3818 1067 3897 antiquior
1081 3811 1227 3875 Latina4

140 3905 160 3963 7
174 3921 204 3980 p.
217 3905 294 3978 215,
315 3924 425 3983 nempe
443 3903 560 3979 Conni,·
592 3915 627 3962 ut
644 3912 674 3962 et
689 3906 723 3962 in
736 3901 802 3965 aod
817 3903 929 3960 Graeco
942 3901 1139 3960 Ambroeieno
1152 3915 1226 3957 mox

141 3987 230 4043 vitato
249 3988 360 4067 legiam
378 3993 510 4053 Korion.
567 3986 639 4048 hino
665 3989 782 4050 carnee
809 3997 896 4046 erunt
921 3987 1045 4046 forsitan
1072 3981 1164 4042 iidem
1191 4000 1226 4039 ao

222 4159 275 4219 72.
317 4160 399 4238 virg.
429 4160 538 4240 Georg·
560 4160 674 4224 1111:
704 4179 742 4219 ne
757 4156 897 4241 gravidis
913 4150 1092 4234 procumbat
1109 4150 1226 4210 enlmne

137 4240 247 4299 ariano.
