2750 4625
420 295 479 364 nc
501 292 713 365 crunnus
735 291 904 365 norm.
1136 259 1212 373 ecc

113 458 1213 544 mnemedtoatefntgmtvottemfuoo.·indecmpmperiuro-

112 563 196 612 mata
213 560 287 632 puto
309 548 434 609 laudula
452 549 561 611 Plauto
578 548 739 608 Psnrdolo.
761 549 888 608 ΒΑΜ.
925 546 1023 626 pelles
1035 547 1214 620 Parthicae,

114 657 191 719 quas
210 645 312 699 noster
333 634 482 695 Parthico
502 644 621 714 tergore
638 631 814 713 edpellitat‚
832 642 1037 693 memorantur
1049 652 1170 715 quoque
1179 635 1214 693 in

113 724 138 784 l.
154 725 192 786 16
212 716 264 802 §7
280 722 319 779 D.
335 719 373 780 de
391 720 503 801 publio.
524 731 555 779 et
574 721 701 799 wetiga
722 718 824 779 Pelles
844 717 1023 790 Parthicae,
1042 717 1129 789 ebur,
1141 719 1214 796 ser-

114 827 184 867 rum
201 805 353 866 Indicum.
398 806 537 886 quemvis
555 802 681 885 quidun
700 801 820 864 codices
837 824 892 884 pro
909 802 1059 863 Parthica
1074 800 1125 863 hic
1138 806 1214 862 suri-

114 903 203 973 ptum
220 889 353 951 habeant
370 889 581 961 Boumeeu'oe,
598 890 747 950 referente
767 892 823 951 Pio
843 892 917 951 Ant.
931 889 1087 950 Bartolino
1101 885 1215 949 Adnot.

114 981 148 1038 in
164 980 262 1056 Leges
277 996 343 1056 cep-
357 974 398 1040 65
420 974 553 1056 (Gruter.
566 975 661 1055 lamp.
676 984 701 1035 t.
717 979 735 1039 1
751 973 878 1055 εγω).
901 977 1023 1035 Vosun.
1066 973 1215 1035 Partheno

116 1074 236 1141 tergora
253 1073 324 1122 sunt
339 1061 437 1141 pelles
449 1059 624 1137 Parthicae,
643 1078 772 1142 quarum
783 1061 926 1141 frequens
936 1063 1050 1120 mentio
1065 1057 1147 1140 apud
1158 1080 1215 1121 ue·

114 1156 211 1222 teres3
232 1156 264 1206 et
274 1148 307 1209 in
321 1144 434 1221 codice,
449 1148 502 1226 qui
516 1166 566 1206 eas
580 1147 734 1220 curabant,
749 1144 927 1206 Purthioarii
944 1144 1093 1206 dimnmr.
1114 1146 1216 1206 Foaa.

116 1236 149 1292 in
169 1251 217 1292 ms
228 1232 313 1312 sugo
335 1233 509 1311 legebatur3
530 1251 589 1291 neo
602 1241 705 1291 tamen
718 1234 846 1291 memini
860 1229 943 1312 apud
954 1231 1089 1312 aliquem
1102 1249 1154 1290 me
1166 1231 1215 1289 le·

115 1320 212 1398 gisae,
234 1320 288 1399 qni
311 1318 350 1377 sit
371 1320 542 1397 Campanus
561 1317 659 1377 fucus.
702 1327 820 1397 septem
836 1337 924 1398 porro
939 1336 1043 1377 versus
1056 1313 1129 1377 huic
1143 1335 1217 1395 pro·

115 1406 200 1462 xime
220 1403 436 1485 subsequentes
455 1405 567 1482 optime
586 1412 656 1462 sunt
674 1405 841 1482 integritati
858 1421 931 1463 suae
944 1403 1091 1477 restituti,
1115 1419 1216 1460 cuma

115 1489 239 1549 librario
261 1489 389 1549 fuissem
407 1489 631 1568 perversissime
652 1486 803 1567 descripti.
834 1489 928 1548 Rurz.
983 1485 1149 1548 notandum
1169 1496 1215 1545 est

115 1571 298 1635 Michaiilem
311 1576 488 1653 Assagrimn
500 1572 773 1653 impudentiusonle
785 1573 908 1648 fecisse,
930 1571 1014 1653 quod
1027 1591 1114 1635 suam
1126 1572 1216 1631 nohis

116 1670 234 1805 titt
244 1659 957 1827 tzffiifttfftqtfiitttffl
969 1657 1216 1822 {trith

236 1790 244 1821 i

118 1828 324 1907 dissimulate²
346 1851 416 1890 cum
432 1852 466 1891 se
484 1849 536 1890 eos
549 1831 787 1910 corruptissimos
802 1831 953 1889 inveniare
973 1829 1114 1888 fateatur.
1157 1829 1219 1887 itc-

117 1935 178 1997 que
198 1935 394 1999 quaecunque
406 1918 440 1977 in
454 1917 648 1977 obscurorum
662 1935 768 1975 eorum
780 1916 982 1995 explicatione
1000 1911 1151 1989 dicemus,
1178 1913 1219 1973 ob

118 2002 222 2062 oculos
235 2012 337 2063 temen
350 2022 471 2081 semper
482 2002 570 2061 nohis
584 2001 790 2061 ohvemcbitur
803 2003 903 2080 potius
914 2018 972 2059 nos
981 2000 1082 2057 lluizii
1092 2000 1220 2061 alicuius

118 2105 212 2168 quem
227 2090 291 2151 eius
305 2089 459 2167 scriptoris
473 2089 605 2147 sermoni
626 2106 750 2166 operam
766 2084 838 2144 dere
855 2103 947 2166 quem
962 2102 1018 2162 pro
1032 2102 1107 2143 aevo
1121 2094 1153 2142 et
1166 2103 1220 2144 co·

116 2177 169 2252 pia
193 2170 234 2231 ad
261 2172 462 2233 eruditionem
490 2173 658 2252 perlectam
679 2172 848 2230 necessarie
866 2187 1052 2247 magnopere
1071 2186 1222 2229 amamus.

116 2277 190 2318 sane
212 2256 373 2339 dupliciter
385 2258 509 2318 linizius
522 2258 676 2337 peccaritr
698 2253 837 2315 ordinem
849 2256 932 2314 enim
944 2271 1087 2314 versuum
1100 2253 1221 2314 luxavit

118 2342 199 2419 [109
218 2354 249 2402 et
271 2347 333 2406 110
353 2353 422 2401 sute
448 2345 508 2406 107
527 2342 669 2420 posim,
693 2349 724 2398 et
741 2340 854 2419 pusillo
876 2336 989 2399 mendo
1002 2338 1084 2420 {qni
1094 2359 1124 2398 r.
1139 2341 1219 2420 109]

116 2446 180 2488 nou
203 2425 412 2487 animadverso
434 2424 571 2484 hiantem
592 2423 808 2507 difficilemque
825 2426 1005 2486 sententiam
1020 2427 1221 2486 concinnavit.

118 2515 188 2593 quis
211 2515 310 2586 enim,
332 2530 460 2591 quaeso,
479 2520 544 2570 tam
561 2521 687 2590 negator
707 2513 767 2570 erit
781 2512 835 2592 qui
853 2529 916 2570 non
937 2513 1116 2570 “sentiatur
1132 2510 1221 2571 uobis

118 2595 178 2656 hoc
201 2595 272 2677 [qui
281 2599 345 2656 iam
357 2599 511 2656 restitutus
524 2597 586 2676 est]
609 2593 715 2656 ordine
728 2606 886 2676 conceptos
901 2615 967 2656 esse
981 2615 999 2654 a
1011 2597 1140 2676 corippo
1149 2615 1221 2654 rer-

118 2678 254 2743 siculosi
297 2700 375 2762 quae
405 2680 536 2742 difficilis
556 2679 764 2763 impeditaque
788 2691 866 2756 erat,
900 2683 944 2742 sio
964 2680 1092 2750 meridie
1114 2681 1222 2742 clarior

119 2768 269 2827 sententia
290 2764 429 2828 hahetur.
471 2769 597 2848 scripsit*
609 2786 681 2827 vero
702 2768 789 2848 qum,
811 2764 927 2828 duabus
940 2767 1065 2848 syllabis
1078 2767 1111 2826 in
1125 2783 1219 2826 unam

120 2854 295 2928 contractis,
317 2851 401 2934 quod
415 2873 478 2913 non
493 2854 592 2933 potnit
605 2851 844 2912 animadvertere
858 2851 955 2912 editor
969 2856 1133 2933 Hispanus·
1174 2853 1220 2913 sio

119 2958 242 3002 cautem
256 2940 389 3017 msignet
403 2959 456 2998 cnr
469 2937 640 3019 etpedibus
655 2940 814 3000 conveniat
826 2939 955 2998 Romani
970 2940 1114 3018 principis
1130 2957 1219 2997 cruo-

119 3025 162 3083 ris
175 3025 267 3083 color.
311 3034 454 3083 crottum
469 3022 551 3104 apud
566 3026 697 3084 Graecos
708 3025 904 3103 imperatores
915 3026 1009 3083 moris
1023 3022 1143 3084 hostem
1155 3040 1218 3083 non

118 3109 204 3188 prius
223 3107 389 3191 edomitum
408 3120 513 3190 putare
535 3129 628 3192 quam
647 3129 717 3169 oum
735 3108 865 3191 pedibus
882 3112 947 3170 eius
968 3110 1046 3169 collo
1058 3108 1219 3188 impressis

119 3196 273 3253 Romanus
286 3196 426 3275 princeps
441 3192 629 3276 triumphum
644 3196 813 3256 solemnem
829 3193 868 3255 de
883 3216 919 3255 eo
931 3197 1108 3275 peregisset.
1150 3209 1222 3252 eum

119 3297 237 3338 morem
257 3276 352 3338 habes
372 3282 406 3338 in
428 3281 564 3341 eimdem
584 3278 675 3341 huius
695 3283 803 3342 lustini
817 3277 943 3340 historia
958 3288 1117 3358 cognatum
1131 3297 1221 3338 snum

120 3361 229 3424 eodem
249 3365 374 3423 nomine
394 3366 543 3442 tollentis,
574 3369 660 3426 cuius
679 3376 710 3426 et
730 3368 887 3430 interemti
904 3374 994 3444 caput
1015 3382 1084 3423 cum
1104 3359 1220 3443 Sophia

121 3453 249 3529 coniuge
268 3449 471 3526 conmlcevit,
496 3451 576 3533 apud
591 3449 796 3531 Nicephorum
812 3451 969 3511 Callistum
981 3451 1022 3515 17
1042 3447 1101 3524 81,
1126 3467 1220 3530 aquo

119 3537 264 3615 scriptore
277 3533 315 3595 de
328 3531 387 3594 hoc
399 3537 533 3617 principe
547 3539 606 3596 alia
619 3539 722 3598 omnis
731 3546 890 3598 usrrtntur
902 3554 995 3617 quem
1011 3544 1042 3594 et
1057 3554 1075 3594 a
1090 3535 1220 3614 corippo

119 3630 221 3681 nostro
248 3630 279 3679 et
301 3621 369 3680 aliis
388 3623 617 3702 antiquioribus.
659 3641 716 3682 nos
739 3641 811 3682 vero
832 3621 978 3682 fabulosis
999 3620 1221 3681 rimationibus

121 3702 316 3766 addictiorem
329 3707 489 3768 callistum
500 3709 590 3767 illum
601 3704 717 3767 honore
729 3707 866 3787 praefato
881 3709 1065 3786 seponimus.
1094 3708 1221 3766 serm·

120 3787 179 3850 hos
189 3811 293 3853 versus
305 3812 323 3851 a
334 3794 440 3853 lluizio
453 3794 588 3855 turbatos
601 3804 691 3875 atque
705 3802 858 3873 corruptos
868 3795 911 3852 ite
920 3789 1062 3852 Barthins
1074 3788 1222 3871 disposuit

122 3883 212 3957 atque
234 3879 413 3958 perpolirit3
435 3877 491 3938 sed
504 3900 534 3940 r.
549 3881 610 3945 109
627 3899 682 3959 pro
696 3880 771 3958 qm'o
786 3877 924 3940 sufficere
936 3879 1044 3937 malim
1060 3879 1145 3956 queis
1165 3894 1221 3935 seu

123 3963 204 4039 quia,
223 3959 282 4021 huc
304 3974 350 4024 est
366 3964 502 4043 plantem
523 3974 555 4024 et
577 3967 758 4026 sententiam
780 3976 891 4045 puncto
908 3961 1086 4045 concludere
1106 3962 1139 4019 in
1159 3958 1220 4019 fine

120 4064 152 4103 v.
166 4047 239 4110 110.
281 4047 432 4111 Vonckius
457 4069 579 4133 quoque
601 4071 644 4110 ex
663 4048 821 4111 cuinsdm
840 4049 921 4110 docti
936 4052 994 4112 riri
1006 4045 1119 4107 indicio
1132 4045 1221 4104 resti-

121 4127 269 4192 tueudum
286 4138 401 4194 censuit
422 4139 519 4216 queri,
545 4156 637 4218 quem
659 4137 820 4197 lectionem
838 4137 974 4218 sequitur
988 4128 1220 4210 christophorus

120 4215 234 4275 Sarius
249 4217 284 4274 iu
297 4218 471 4298 Diptychon
486 4223 604 4302 Magni
614 4222 756 4282 musclis.
801 4220 857 4282 sed
873 4224 944 4304 quia
958 4227 1065 4277 neuter
1077 4233 1219 4277 versuum

121 4302 330 4362 oeconomiam
351 4320 370 4363 a
389 4307 496 4368 lluisio
515 4308 728 4389 interpolatam
752 4308 897 4385 correxit,
928 4306 1064 4386 ineptam
1087 4302 1217 4384 corippo
