2750 4625
173 274 249 349 408
491 275 634 344 NOTAE
657 273 705 342 nt
729 274 894 343 LIBRUM
918 273 966 342 111

173 441 255 514 mh,
274 443 309 501 in
333 441 462 523 corippo
479 461 541 503 non
558 443 705 524 paganico
721 438 953 521 intelligendum
975 450 1038 516 est,
1060 450 1095 498 nt
1107 440 1139 499 in
1154 459 1280 499 omnem

173 530 382 588 aeternitatem
402 548 435 587 se
455 531 558 608 ipsum
578 548 639 588 uon
662 529 832 587 revisurum
849 525 927 586 dicat
945 526 1025 586 lilius
1046 527 1198 600 lustinus,
1220 525 1279 585 sed

172 619 266 672 vitam
296 632 383 672 suun
412 633 481 673 cum
501 611 560 673 hac
586 634 659 673 roco
683 613 909 692 complectitnr3
947 613 1031 693 quali
1056 610 1278 690 significatione

172 701 265 758 etiam
286 696 423 758 ethnicos
444 700 640 778 sapientiores
656 700 689 758 in
706 699 942 757 conclamatione
957 717 1096 757 carorum
1112 699 1275 775 accepisse,

171 785 301 843 aliorum
312 787 516 863 interpretatio
529 805 584 844 nos
599 795 735 843 accurate
747 787 941 863 inspicientes
956 782 1072 842 edocet.
1108 801 1178 840 cum
1191 787 1277 841 enim

172 870 226 928 alii
245 868 348 931 dicunt
369 868 517 928 defunctis
528 869 685 929 munuera
698 870 815 942 misas,
832 870 885 928 elii
899 868 1026 950 longiore
1039 866 1198 942 dixerunt,
1220 888 1276 926 ee-

172 953 244 1014 dem
256 957 375 1036 utrique
387 965 544 1034 potestate.
566 959 643 1015 Bion
657 952 811 1036 epitaphio
823 953 988 1014 Adonidis:
1010 948 1133 1035 φεύγεις
1146 948 1274 1032 μακρόν,

163 1037 294 1114 uiues,
320 1039 373 1102 sui
389 1041 487 1119 loxias
506 1041 550 1114 εἰς
568 1034 746 1120 Ἀχέροντα,
767 1041 820 1100 ubi
836 1043 962 1099 certain
978 1058 1099 1098 omnem
1111 1040 1274 1096 aeternite-

172 1135 236 1184 tem
254 1127 314 1205 ipsi
336 1125 588 1185 commonendum
605 1137 679 1185 erat.
722 1129 766 1186 sio
780 1126 835 1185 diu
848 1124 955 1185 eadem
966 1127 997 1183 vi
1012 1126 1167 1204 usurparit
1180 1125 1275 1203 Papi·

172 1213 258 1285 nius,
280 1209 401 1290 grandis
421 1210 623 1271 eruditionum
641 1222 742 1291 pater,
763 1209 863 1274 Theb.
884 1216 921 1277 δε
943 1214 983 1269 ite
1002 1209 1058 1268 din
1070 1210 1204 1289 fratres,
1223 1211 1276 1266 in·

172 1296 350 1377 dicentique
371 1299 517 1375 uqrremie
538 1296 674 1376 ignibus,
705 1309 735 1354 et
752 1318 838 1355 euros
860 1317 940 1355 mm
961 1294 1137 1374 confundite
1155 1314 1271 1352 marces.

173 1379 232 1440 lsoo
253 1393 299 1441 est
319 1391 474 1441 aeternum
496 1384 613 1441 fratres.
665 1385 732 1462 pari
758 1384 872 1442 ratione
890 1383 1052 1460 antiquum
1073 1400 1127 1459 pro
1150 1390 1274 1438 aeterno

173 1465 336 1527 Christiani
366 1470 524 1547 scriptores
547 1469 643 1527 nostri
666 1478 793 1548 ponunt.
836 1468 968 1526 Hilarius
995 1469 1028 1524 in
1054 1466 1181 1524 Genesi:
1209 1467 1275 1543 ioca

168 1555 311 1630 pernimis
325 1554 461 1632 spi'rr‘tns,
481 1555 607 1633 mitiquo
620 1555 724 1612 vivens
732 1574 789 1632 per
801 1552 924 1611 saeculo
934 1562 1029 1610 motu.
1073 1552 1199 1610 Bssru.

257 1641 309 1701 87.
351 1637 479 1697 nablum
497 1639 666 1699 sublimiter
686 1638 827 1713 denotat,
857 1648 887 1698 et
906 1647 952 1697 est
972 1657 1031 1695 usu
1048 1637 1274 1715 praeclarorum

171 1731 326 1782 sudorum
344 1734 509 1802 receptum.
551 1725 694 1803 Virgilius
709 1725 767 1783 ecl.
783 1729 822 1788 2:
844 1732 1000 1782 emuantee
1020 1719 1149 1780 sublim
1160 1721 1275 1800 ferum

171 1807 216 1864 od
231 1805 331 1865 sr'dera
350 1810 451 1886 aygrar'.
495 1811 651 1868 Lucretius
665 1813 704 1873 8:
725 1820 945 1888 pneumaque
947 1807 1041 1887 faces
1055 1807 1133 1864 caeli
1145 1805 1275 1865 snblbm

171 1891 315 1950 volontas.
360 1890 540 1952 Prudentius
565 1897 598 1952 in
619 1896 772 1954 Romano:
794 1896 946 1973 proecepit
967 1891 1095 1951 sublime
1114 1891 1224 1950 tollant
1242 1901 1273 1948 et

170 1996 266 2034 manu
281 1976 405 2055 pulsent
424 1987 520 2036 notas.
565 1989 644 2038 recte
656 1989 758 2038 eutem
771 1991 849 2037 num
861 1978 939 2038 dixit
957 1981 1030 2037 satis
1043 1977 1147 2037 doctus
1160 1983 1272 2057 poeta:

168 2081 348 2141 magnorum
368 2065 450 2122 enim
468 2064 638 2143 principum
656 2067 749 2124 etiam
769 2076 862 2123 nutias
881 2067 1008 2146 imperis
1023 2074 1110 2139 sunt,
1134 2073 1164 2121 et
1178 2063 1273 2121 obse-

170 2145 303 2207 cundant
314 2149 376 2208 illis
390 2147 518 2225 subditi,
540 2153 566 2208 si
579 2153 632 2231 qui
645 2160 717 2210 sunt
730 2152 801 2210 boni
810 2152 916 2209 enimi.
958 2147 1112 2209 Ennodins
1125 2149 1272 2226 Panegy-

169 2235 231 2292 rico
254 2231 453 2293 Theodoricit
486 2234 636 2295 metuebat
651 2247 794 2316 parentes
816 2227 974 2305 aucium,
995 2255 1081 2316 quon
1099 2233 1273 2291 menucisae

167 2320 294 2398 originis
311 2341 386 2379 sune
402 2320 584 2380 adnotabat
596 2322 693 2382 honor
705 2324 835 2381 alierum:
858 2343 931 2381 nam
944 2325 988 2381 ire
1000 2321 1045 2380 ad
1057 2330 1163 2379 nutum
1176 2339 1272 2377 naurs

167 2403 297 2484 Ιεςὺιια
311 2416 340 2463 et
352 2426 482 2465 rentem
491 2428 608 2486 pastore
621 2408 747 2489 nigellam
762 2406 940 2487 ioapoubat.
985 2410 1112 2466 Bssrn.

252 2495 305 2556 39.
347 2492 429 2552 lucet
453 2492 594 2553 funebres
621 2503 684 2552 tem
708 2495 882 2574 frequenter
900 2494 1058 2554 nominent
1078 2500 1211 2550 auctores
1230 2498 1268 2547 nt

165 2576 253 2635 nefas
276 2579 314 2636 sit
335 2575 373 2636 de
393 2597 429 2637 ea
446 2599 479 2637 re
499 2577 665 2660 quidquem
684 2578 796 2638 dicere.
839 2576 921 2660 quod
942 2597 1045 2638 cereae
1057 2578 1185 2649 luerint,
1204 2593 1269 2632 non

166 2661 229 2741 legi
243 2665 302 2722 nisi
314 2660 382 2721 liic:
407 2682 480 2721 nam
490 2665 605 2723 Seneca
619 2666 698 2724 clare
712 2663 799 2725 docet
806 2684 919 2742 pueros
931 2663 976 2722 ad
987 2683 1098 2734 cereoe,
1115 2664 1193 2720 vim
1205 2661 1269 2717 sive

101 2737 116 2760 ‘
165 2747 287 2806 amno«
301 2747 439 2827 adsaceo
453 2747 677 2828 efferrieols'tos.
710 2752 831 2830 Lipsius
847 2750 995 2810 observet
1026 2745 1143 2807 tuvide
1157 2746 1266 2806 Seneo.

167 2851 215 2909 ep·
232 2835 306 2904 128,
329 2830 367 2890 de
382 2832 488 2891 bresit.
502 2836 582 2893 vites
596 2856 623 2893 o.
636 2836 708 2909 ult,
731 2834 769 2894 de
785 2835 938 2917 tranquill.
954 2835 1049 2892 enimi
1062 2852 1089 2891 c.
1109 2838 1159 2894 11.
1194 2828 1267 2889 hinc

166 2924 282 2975 constat
296 2918 455 2997 antiquum
468 2918 561 2978 luisse
573 2922 606 2977 in
621 2920 747 2979 ecclesia
761 2923 869 2995 ritum,
891 2939 984 3001 quem
994 2916 1085 2976 hodie
1098 2917 1268 2974 etiamnum

166 3010 302 3075 serrant,
334 3002 470 3060 comitari
493 3002 600 3062 lunera
622 3007 754 3064 accensis
773 3005 907 3079 facibus,
939 3002 1085 3062 distinctis
1107 2996 1267 3059 ordinibus

166 3087 382 3162 ecclesiasticis,
402 3090 593 3165 praecinente
608 3089 799 3150 sacerdotum
811 3088 900 3149 choro
916 3089 1078 3167 puerisque
1088 3080 1264 3164 phonascis.

165 3170 321 3252 theologos
333 3192 395 3232 nou
406 3172 554 3230 exact-ibo.
596 3175 739 3234 Druesr.

248 3258 291 3317 ib.
334 3259 506 3318 notissimus
527 3267 663 3317 veterum
679 3278 867 3339 paganorum
889 3276 971 3330 mos,
1001 3252 1107 3313 efferre
1127 3265 1263 3314 mortuos

164 3362 233 3400 cum
247 3343 363 3404 fecibus
378 3346 487 3417 cereis3
509 3340 579 3402 hinc
593 3345 791 3424 etinmfnnuo
802 3363 821 3402 a
832 3343 955 3402 funibus
968 3361 1023 3400 seu
1040 3340 1191 3398 fimelibns
1207 3358 1262 3396 ac-

162 3428 259 3486 censis
286 3427 400 3489 dictum
420 3430 526 3488 volunt
553 3432 752 3508 grammatici,
769 3430 920 3505 Donatus,
948 3428 1089 3498 Servius,
1109 3422 1259 3485 isidorus.

161 3510 293 3571 eundern
306 3534 423 3574 morem
438 3518 530 3574 etiam
545 3516 670 3577 eccleeia
684 3518 822 3590 retinuit,
842 3513 901 3574 huc
918 3512 1150 3592 significatione,
1171 3513 1260 3589 quusi

161 3595 295 3656 defuncti
313 3612 458 3682 tanquam
471 3599 603 3661 athletas
617 3600 743 3684 quidem
757 3600 943 3660 deducantur
954 3598 1070 3658 facibus
1086 3597 1217 3655 accensis
1229 3606 1261 3653 et

158 3688 372 3762 praeponatis,
395 3697 428 3744 ut
444 3684 561 3747 devicto
576 3689 713 3762 saeculo,
735 3685 776 3745 ed
792 3705 969 3766 supremum
982 3684 1071 3742 illum
1088 3674 1260 3762 βραβευτήν

161 3788 196 3827 ao
212 3766 433 3847 designatorem
448 3783 594 3851 pergent,
616 3793 741 3832 corones
761 3792 796 3831 so
811 3772 944 3851 praemia
956 3787 1127 3849 pugnorum
1139 3776 1259 3825 strenue

160 3865 361 3934 pugnaturum
372 3861 552 3937 percepturi.
596 3855 682 3917 docet
697 3878 747 3916 me
757 3855 836 3916 hanc
849 3855 1097 3937 significationem
1112 3853 1144 3912 S.
1160 3847 1261 3928 Chry-

161 3950 309 3999 sostornns
323 3939 428 4002 homil.
444 3940 520 4004 ind
530 3943 638 4005 Hebe:
661 3941 727 4005 εἰπὲ
747 3936 804 4024 γάρ
824 3965 891 4021 μοι,
911 3942 941 4003 ri
963 3934 1125 4019 βούλονται
1136 3935 1172 3997 oi
1181 3941 1259 4015 tep-

161 4020 257 4098 πάδες
280 4025 315 4087 αἱ
334 4027 474 4106 φαιδραίς
496 4021 553 4106 ou'x
569 4026 611 4101 cic
627 4022 765 4108 sicimis
778 4021 890 4101 adtolle
902 4024 1133 4106 uponlpmpae3
1155 4021 1259 4081 allusit

160 4108 201 4167 ad
212 4109 342 4170 eundem
353 4131 470 4173 moram
482 4123 512 4171 et
520 4114 656 4174 Alcimus
664 4116 772 4173 Avitus
780 4112 881 4176 lib-6:
904 4111 992 4169 mollo
1006 4129 1121 4168 vacam
1130 4127 1153 4164 a
1165 4118 1259 4165 niorto

132 4192 279 4333 ’goim’
298 4190 1256 4278 dumumoumnlotommuopopunsumsuwiwbe.

198 4297 252 4338 rr.
