2750 4625
435 204 494 272 nn
517 203 725 275 mannus
748 202 917 276 rosum
1147 179 1226 279 tso‘

127 372 294 432 Narcissus
309 368 436 433 &banse
458 371 584 433 Claudii
603 374 821 452 pateremus
749 374 756 388 ‘
839 372 977 454 idemque
990 373 1222 435 munaum»

126 458 255 517 uuekus
299 459 373 519 Seu.
386 460 511 540 praefat.
525 459 580 518 lib.
593 459 614 523 4
626 469 689 517 uat.
703 469 835 539 quaestu
865 459 1002 517 Mearulo
1016 471 1045 517 et
1057 459 1222 520 Naresesua

125 544 183 602 daia
188 542 312 622 publici
319 545 426 604 Imeus.
471 543 539 603 dixi
552 563 593 603 ex
604 545 708 602 multis
721 544 788 603 aliis
800 542 840 601 ad
851 542 930 602 illud
941 543 1099 604 Claudiani
1111 548 1142 604 io
1154 549 1220 605 Eu·

125 639 203 709 trop·
223 634 258 692 1:
286 630 350 689 sum
365 629 564 709 Cluysogouis
578 639 645 700 utu,
666 629 777 699 Brute,
793 640 927 708 pausias
939 630 1220 710 Nomenqaedaa

124 723 187 772 tur.
208 716 348 778 Deursr.
390 725 476 774 notes
500 715 682 773 relimcnm
699 716 793 792 Pagio
813 712 854 772 ed
876 733 905 772 a.
919 715 981 779 567
1003 725 1064 774 tres
1080 719 1219 776 Nar-setes

124 804 426 950 iiiiii?
448 797 1221 965 iifflimissliiiii‘lss'ifflbpfflliiiii

123 987 242 1045 comes,
271 990 341 1028 oum
360 970 527 1050 praefectus
550 972 655 1030 ltaliae
676 981 770 1045 esset,
798 967 929 1050 Sophiae
942 972 1021 1049 Aug.
1036 974 1127 1031 ruinis
1144 992 1217 1052 per·

7 1103 8 1106 ,
123 1057 244 1113 territus
259 1054 490 1135 Langobardos,
511 1058 592 1130 utin
606 1057 724 1114 ltaliam
736 1056 887 1131 venirent,
907 1057 1055 1114 inritavit.
1097 1054 1216 1117 lricne-

123 1158 183 1219 que
197 1140 296 1199 forma
309 1151 341 1199 et
356 1160 407 1200 ore
422 1142 550 1220 insignis
564 1151 644 1216 erat,
668 1159 725 1199 nec
736 1141 869 1215 iuvenis,
891 1138 947 1199 sed
960 1160 1054 1200 senex
1068 1152 1133 1200 tum
1146 1161 1216 1203 cusu

122 1226 254 1284 lustinus
266 1227 427 1306 imperium
443 1228 583 1306 suscepit.
624 1227 701 1285 alter
714 1225 752 1284 ab
767 1228 916 1285 Armeniis
931 1227 1030 1286 Persis
1047 1225 1089 1285 ad
1102 1229 1216 1285 Roma·

122 1329 196 1385 nos,
221 1321 298 1370 teste
323 1314 486 1392 Procopio,
507 1311 709 1392 transfugerat
730 1331 800 1370 cum
819 1313 922 1370 Aratio
941 1313 1049 1385 fratre,
1078 1323 1109 1370 et
1124 1315 1216 1392 periit

121 1395 203 1454 bello
222 1398 343 1457 Persico
365 1399 420 1456 sub
442 1395 550 1457 eodem
568 1401 699 1471 Iustino,
733 1406 769 1455 nt
787 1394 871 1455 idem
889 1398 1051 1476 Procopius
1070 1395 1109 1456 de
1132 1398 1215 1458 hello

120 1483 204 1543 Pers.
219 1482 302 1546 225
313 1491 446 1545 testatur.
487 1484 605 1542 invenis
619 1492 649 1542 et
659 1482 756 1540 forma
770 1482 939 1560 spectabilis
953 1484 1077 1556 Narras,
1099 1479 1137 1541 de
1151 1485 1215 1563 quo*

120 1562 172 1624 hic
192 1567 326 1646 loquitur
339 1569 500 1648 Gorippus',
530 1568 583 1626 ille
599 1579 645 1627 ast
659 1564 697 1625 de
712 1587 772 1647 quo
789 1564 993 1646 Theophanes
1007 1565 1047 1625 ad
1059 1587 1088 1626 a.
1106 1572 1213 1633 161n-

119 1653 192 1711 stini
211 1653 328 1711 scribit:
355 1652 413 1711 hoc
432 1673 514 1711 anno
535 1652 650 1711 Numa
671 1650 875 1710 catenum
893 1661 922 1709 et
937 1652 1212 1731 pmtoapathartu,

119 1738 175 1817 qui
189 1737 306 1796 [mum
318 1737 394 1796 adeo
406 1739 572 1818 messuit
583 1747 618 1795 ut
629 1739 693 1796 sisu
707 1738 813 1816 gratiis
831 1735 971 1795 uubis&
983 1750 1211 1818 respergeretur,

118 1823 243 1880 morum
254 1822 393 1881 Narseu's
403 1825 568 1881 consteruit
576 1833 606 1880 et
621 1821 818 1881 &durarum
830 1824 1051 1881 nronosterisrm.
1092 1822 1143 1882 hio
1153 1825 1209 1884 sub

118 1909 263 1967 Mauricio
288 1910 387 1967 Persis
406 1918 489 1968 tanto
515 1909 621 1967 terrori
642 1908 701 1966 fuit
727 1917 762 1966 ut
779 1909 939 1966 Persarum
954 1898 1085 1966 infantes
1106 1907 1209 1967 andito

116 1995 249 2053 Narsetis
269 1996 391 2052 nornine
410 2003 583 2054 tremerent.
624 1990 695 2052 ride
707 1993 793 2072 plura
806 1988 888 2072 apud
898 1989 1162 2072 'theophylactum
1176 1995 1209 2052 iu

115 2079 246 2137 Historia
256 2080 448 2136 Mauriciano.
490 2079 590 2137 Foco.

200 2166 273 2229 870.
315 2163 448 2241 Parias]
484 2163 608 2220 Parium
630 2155 766 2239 lapidem
791 2159 854 2219 sive
879 2178 1011 2219 manner
1035 2178 1096 2216 non
1119 2159 1208 2221 facila

115 2249 316 2326 persuaserim
334 2237 415 2306 ‘mihi
434 2265 506 2303 auro
528 2240 643 2304 includi
668 2246 808 2320 solitum,
836 2246 896 2304 nisi
919 2245 997 2304 forte
1017 2246 1207 2306 columnuse

115 2351 264 2390 marmora
277 2332 441 2391 bracteatas
455 2332 675 2409 intelligamus,
704 2327 786 2410 qaod
800 2333 871 2389 satis
884 2331 1051 2406 familiare,
1078 2329 1133 2389 sed
1145 2348 1207 2392 non

115 2418 256 2474 convenit
270 2414 342 2475 huic
356 2417 439 2475 loco:
460 2434 531 2472 nam
552 2416 697 2474 annulum
708 2417 820 2493 insigni
832 2435 951 2495 gemma
967 2427 1105 2475 curatum
1118 2416 1207 2477 vide·

114 2511 165 2559 tur
184 2499 361 2565 describere.
403 2502 506 2560 censui
522 2503 614 2578 igitur
632 2500 855 2559 rescribendum
872 2501 1005 2560 Plumiu
1019 2501 1113 2579 hepta,
1134 2505 1206 2583 quia

113 2588 147 2644 in
168 2588 307 2666 Aegypto
329 2583 480 2664 smaragdi
499 2596 676 2660 nascuntur,
697 2585 794 2645 Solio.
815 2587 869 2658 19,
889 2588 969 2645 Plio.
988 2590 1028 2651 37
1050 2588 1070 2651 5
1091 2596 1122 2644 et
1140 2588 1204 2664 alii,

114 2682 145 2730 et
161 2672 255 2751 opali,
277 2669 412 2730 eiusdem
425 2671 494 2729 libri
509 2691 535 2730 o.
551 2675 588 2747 6,
609 2672 680 2730 licet
697 2672 790 2730 sciam
806 2668 954 2730 Isidorum
971 2674 1009 2736 16
1030 2676 1069 2735 12
1090 2669 1205 2733 dixisse

112 2757 147 2816 in
166 2757 230 2816 sola
247 2755 333 2815 India
351 2758 473 2836 opalum
487 2759 580 2816 nasci.
621 2755 749 2814 Pharius
764 2758 839 2836 lapis
854 2758 1014 2836 igitruerit
1027 2756 1203 2837 smaragdus

113 2852 166 2900 ant
189 2842 295 2924 opalus
317 2842 405 2921 palae
426 2843 573 2914 inclusus3
595 2851 647 2900 aut
667 2852 746 2899 certe
765 2844 970 2922 Aegyptillam
986 2861 1138 2920 gemmam
1153 2846 1203 2903 ni·-

113 2946 215 3006 gram,
249 2946 340 3009 quarn
359 2928 423 2986 sola
442 2930 597 3007 Aegyptus
616 2930 758 3006 parturit,
789 2925 862 2986 isid
885 2931 924 2991 16
949 2929 1006 3002 11,
1034 2928 1202 3006 intelligere

112 3031 280 3092 muamus.
310 3016 433 3091 supra8
459 3016 507 3077 16.
548 3014 623 3071 Lavi
642 3010 718 3071 haec
734 3013 849 3071 calamo
862 3012 997 3072 absoluta
1011 3013 1097 3071 citius
1109 3032 1202 3093 quam

112 3094 267 3171 inchoata,
287 3098 460 3178 inquibus,
482 3106 517 3155 nt
527 3094 655 3156 hirundo
670 3100 796 3176 Byziam
815 3098 915 3177 (Plio.
931 3101 972 3161 10
992 3094 1053 3177 24)
1075 3101 1202 3158 otiosam

111 3182 270 3240 verborum
286 3201 429 3263 pompam
446 3172 604 3241 declinari.
648 3182 686 3241 ob
698 3181 731 3240 id
743 3184 843 3242 nullus
860 3181 937 3241 mihi
949 3192 1047 3240 metus
1061 3202 1099 3240 ne
1111 3185 1202 3242 Anti·

111 3264 232 3347 phontis
253 3267 345 3344 (Seu.
360 3267 520 3333 ideclam.
536 3266 573 3348 1)
595 3278 646 3326 ant
659 3268 782 3327 Seriani
803 3268 894 3348 (Seu.
909 3268 929 3331 5
942 3277 1074 3325 controv.
1090 3266 1126 3347 1)
1148 3277 1201 3328 ant

111 3350 234 3432 Didymi
255 3349 399 3432 (Quintil.
413 3358 439 3416 1<
452 3356 495 3427 8)
515 3350 573 3412 hoc
591 3350 738 3412 habeatur
755 3373 847 3432 opus,
868 3354 927 3445 nipi
942 3353 1017 3412 forte
1032 3371 1051 3409 a
1064 3353 1199 3413 Procallo

112 3438 202 3519 (Seu.
225 3437 346 3497 Sussor.
365 3435 424 3516 2),
452 3440 501 3496 cni
523 3457 579 3516 ego
602 3436 746 3498 suadeam
769 3438 934 3497 cucurbitas
956 3439 1080 3517 pingere
1099 3440 1199 3518 potius

111 3542 202 3604 quarn
216 3542 285 3581 cum
300 3521 392 3582 doctis
407 3524 552 3582 altercari.
594 3533 673 3583 certe
693 3522 798 3581 nullm
810 3525 1030 3601 cortirupotens,
1050 3525 1091 3580 ait
1106 3525 1198 3582 Loci-

109 3608 178 3680 lius,
202 3629 271 3666 eum
283 3607 436 3667 dommum
449 3609 617 3687 configent,
637 3607 714 3667 ms'lri
724 3608 855 3667 ancillas
869 3607 1090 3686 dedignabitur.
1122 3610 1198 3668 ahos

112 3691 188 3751 nihil
208 3712 324 3767 moror,
350 3713 407 3752 nec
426 3684 501 3751 tanti
522 3691 598 3752 haec
617 3694 715 3755 fateor
733 3706 766 3752 ut
786 3692 911 3752 debeam
929 3694 1024 3751 vereri
1040 3692 1195 3752 invidiam.

110 3778 251 3839 Denter.
291 3780 449 3859 Virgilium
463 3780 599 3837 imitatur
612 3781 690 3838 Aeo.
709 3782 724 3841 1
745 3779 818 3844 596.
861 3798 920 3859 qno
932 3779 963 3835 in
976 3779 1041 3836 loco
1055 3779 1197 3857 Virgilius

111 3864 185 3922 ebur
198 3874 354 3943 argentum
365 3866 546 3944 Pariumque
559 3862 692 3943 lapidem
705 3862 835 3938 inducit,
857 3864 966 3944 quibus
976 3867 1093 3922 circum
1101 3862 1197 3921 adda·

110 3958 158 4007 tur
179 3968 301 4024 aarum,
323 3959 357 4008 ut
373 3951 522 4028 exprimat
540 3951 688 4010 Venerem
707 3959 834 4007 matrem
853 3951 973 4007 Aeneae
988 3948 1068 4021 filio,
1090 3959 1196 4009 natura

110 4053 162 4092 sna
177 4031 319 4113 pulchro,
338 4054 447 4094 noram
462 4030 716 4114 pulchritudinem
729 4033 898 4109 addidisse,
917 4044 951 4092 ut
961 4036 1073 4111 gratior
1083 4032 1195 4099 Didoni
1223 4105 1227 4108 ³

108 4128 273 4200 appareret.
321 4131 352 4181 at
373 4121 519 4200 Gorippns
539 4117 677 4185 achatem
696 4140 752 4201 pro
774 4129 899 4201 argento
917 4116 1049 4195 inducit,
1076 4128 1106 4178 et
1123 4117 1195 4179 hinc
