2750 4625
436 296 495 365 DE
519 295 728 366 LAUDIBUS
752 294 921 366 Insmtl.
1154 297 1229 373 349

127 480 178 528 tur
197 463 378 549 quadrigae,
401 485 517 540 carcer,
531 466 600 545 'quo
620 463 800 541 tendebant,
824 475 905 524 meta
923 461 1093 546 dloebatnr5
1114 463 1154 528 de
1169 488 1229 551 qua

129 576 161 613 re
172 556 257 634 pleni
272 563 342 613 snut
357 552 446 627 libri,
471 552 743 632 quitoonsulantur.
785 553 928 612 Durrrsr.
1034 561 1035 564 ’

132 678 136 683 ·
213 643 286 703 882.
329 658 371 697 ex
382 641 464 716 virg.
479 639 588 703 Aen-6
611 635 682 700 tol.
723 648 810 696 notes
833 648 934 696 antem
953 636 1047 697 velim
1065 639 1230 721 Cot-ippum

128 736 225 785 metas
237 723 337 784 dicere
352 743 448 804 aequo
463 724 543 781 iuter
555 741 587 780 se
604 720 776 781 discfimine
791 721 951 799 distantes,
979 727 1051 804 quia
1064 724 1230 787 secundum

130 810 278 893 quasdam
293 808 537 869 architectonicas
550 811 680 867 rationes
692 806 770 867 illnd
785 810 986 883 statuebatur,
1008 829 1048 869 ne
1062 811 1230 871 tumultuo-

130 917 181 956 sus
203 898 287 969 fieret
306 914 452 976 equorum
472 914 574 953 cursus
588 897 615 954 si
626 894 748 953 brevius
769 895 863 971 foret,
887 905 916 954 et
932 898 959 954 si
976 894 1097 975 longius
1108 916 1147 954 ne
1160 900 1231 977 aqui

131 986 260 1041 nimium
282 980 533 1060 defatigarentur,
556 989 587 1038 et
606 1001 646 1038 nc
667 981 769 1062 aliqua
789 983 822 1040 in
842 991 928 1060 parta
950 981 1029 1040 Circi
1050 976 1231 1061 spectitores

130 1069 226 1127 oculis
249 1070 335 1147 sequi
354 1069 514 1148 nequirent
535 1068 670 1147 aurigas,
693 1067 803 1149 quibus
825 1065 925 1127 studia
937 1069 971 1125 in
985 1070 1132 1127 contraria
1145 1071 1232 1128 scissi

129 1153 280 1213 favebant.
322 1155 429 1219 Foco,
971 1198 975 1205 .
1165 1160 1168 1167 “

216 1237 289 1302 884.
331 1240 475 1301 libentius
497 1239 631 1321 referunt
651 1259 743 1321 quam
764 1238 892 1320 referam
913 1240 946 1298 in
966 1235 1025 1299 hoc
1039 1258 1130 1299 versu
1144 1239 1230 1319 lege-

131 1344 205 1386 rem.
249 1335 381 1384 ceterum
404 1330 518 1405 primus
540 1330 679 1384 inventor
699 1322 927 1407 quadrigarum,
951 1328 1035 1384 cuius
1048 1345 1160 1385 nomen
1175 1323 1231 1383 de·

69 1446 72 1453 ·
131 1423 192 1483 est,
213 1409 350 1471 Ciceroni
364 1412 418 1470 lib.
432 1419 451 1479 3
467 1412 504 1472 de
518 1422 623 1471 natura
636 1410 762 1470 deorum
775 1415 910 1471 Minerva
922 1410 1043 1470 uidetur
1056 1432 1137 1485 esse,
1160 1412 1230 1493 Vir-

132 1498 204 1576 gilio
219 1498 240 1561 3
256 1498 375 1577 Georg,
396 1517 515 1558 necnon
528 1509 557 1558 et
566 1500 675 1572 Plinio,
696 1495 920 1573 Erichthonius,
941 1498 1072 1556 Eusebio
1086 1499 1119 1554 iu
1132 1492 1230 1553 Chro-

130 1584 199 1640 nico
211 1583 352 1662 Arogilua
366 1594 418 1641 aut
431 1587 606 1665 Proclytm:
624 1604 697 1641 nam
708 1595 836 1664 utroque
848 1583 939 1642 modo
954 1584 1065 1662 legitur
1075 1584 1108 1639 in
1123 1600 1230 1639 exem-

132 1667 265 1746 pleribus
281 1688 346 1744 ms,
369 1673 449 1728 utin
465 1672 532 1729 aliia
546 1667 653 1729 Isidori
670 1670 762 1727 etiam
778 1667 918 1728 Chronici
931 1669 1091 1748 Procyclus
1109 1678 1139 1726 et
1153 1669 1231 1726 Pro-

132 1753 239 1819 ciolua.
282 1756 356 1834 qum
376 1763 406 1812 et
425 1758 564 1814 Ravisiua
583 1757 702 1813 Textor
714 1757 746 1812 in
761 1754 887 1815 Officina
901 1773 955 1814 sua
969 1754 1141 1832 Tregillum
1158 1752 1231 1811 facit

133 1849 163 1895 et
174 1836 320 1898 nominat.
356 1849 439 1898 tanta
455 1843 560 1920 utique
577 1850 622 1899 est
635 1842 726 1900 unius
742 1842 874 1899 nominis
890 1842 1018 1900 varietas
1034 1840 1074 1898 ob
1089 1842 1233 1918 ignoran-
1314 1894 1322 1915 ,

132 1926 207 1982 tiam
220 1925 489 1985 somnolentiamve
503 1926 704 1985 librariorum.
747 1928 841 1986 Rurz.
1166 1928 1170 1938 ’
1195 1936 1198 1941 ’

129 2040 133 2048 ·
216 2009 258 2068 ib.
303 2010 448 2091 reseram]
478 2012 587 2070 lacuna
608 2009 659 2071 hic
680 2022 744 2070 erat
765 2013 913 2072 asteriscis
932 2020 1044 2069 notata.
1095 2010 1234 2089 suppleti

130 2096 193 2156 sic:
219 2096 408 2175 Cecropidem
420 2096 561 2177 referam.
596 2100 671 2156 ratio
686 2098 846 2156 manifesta
858 2106 921 2154 est:
943 2114 1015 2153 nam
1030 2096 1158 2173 Cecrops
1169 2097 1235 2174 pri-

129 2202 199 2241 mus
222 2178 454 2242 Atheniensium
478 2204 550 2258 rex,
574 2185 622 2240 cni
644 2184 776 2241 Cranaus
800 2182 958 2254 successit,
980 2181 1034 2260 qul
1051 2179 1087 2236 ab
1102 2177 1235 2259 Amphi-

44 2347 45 2350 ,
131 2278 239 2347 otyone
265 2286 359 2347 regno
388 2271 420 2328 vi
446 2269 611 2348 expulsua3
649 2277 773 2348 quartus
797 2264 907 2326 deindo
931 2285 988 2325 rex
1009 2262 1234 2325 Erichthonius.

130 2355 261 2412 Pausan.
280 2355 372 2411 Attic.
415 2351 466 2412 hic
486 2355 620 2414 Vulcano
642 2363 672 2411 et
691 2354 827 2411 Minerva
846 2352 995 2433 genitus,
1007 2372 1062 2411 sen
1082 2354 1183 2411 verius
1201 2354 1236 2410 in

131 2449 242 2497 terram
257 2437 351 2497 effuso
367 2458 385 2496 a
398 2440 533 2498 Vulcano
548 2440 674 2497 semiue.
706 2439 867 2519 Euripides
882 2441 965 2504 lone.
997 2439 1131 2498 lulianus
1149 2440 1235 2518 priu-

133 2541 220 2603 ceps:
243 2517 341 2603 μήτηρ
359 2516 587 2601 adoperient,
608 2519 716 2605 νύμφη
730 2519 952 2606 adopertione.
996 2522 1139 2584 educatus
1156 2523 1235 2582 clam

76 2619 78 2624 '
132 2628 151 2666 a
170 2609 305 2666 Minerva
324 2610 357 2665 iu
377 2612 451 2668 cista
472 2609 565 2689 pedes
584 2608 692 2671 habuit
710 2613 912 2688 serpentinos,
933 2620 968 2668 ut
980 2612 1082 2671 retulit
1094 2611 1235 2690 Hyg‘mus

132 2695 254 2753 Astron.
267 2699 348 2774 po'et.
362 2696 396 2752 in
409 2694 548 2775 Αιινὶἕα,Ι
570 2706 605 2753 ut
622 2714 686 2754 non
703 2706 814 2775 ‚putem
833 2698 913 2755 male
928 2697 991 2775 legi
1005 2694 1056 2755 hic
1068 2701 1158 2777 posse
1174 2716 1234 2753 an-

129 2779 293 2860 gmpedem
308 2779 450 2859 referam,
471 2792 506 2839 ut
522 2784 620 2861 prima
631 2782 721 2841 lectio
734 2781 835 2861 legem
847 2782 940 2841 fuisse
955 2782 1116 2861 significet,
1138 2783 1233 2841 altera

133 2863 318 2924 educationis
336 2863 506 2929 admoneat.
548 2868 601 2925 ille
620 2886 692 2926 vero
711 2866 757 2925 od
766 2867 882 2946 pedum
896 2867 1113 2948 deformitatem
1126 2867 1234 2928 relan-

132 2951 206 3009 dom
222 2953 343 3030 primns
359 2952 542 3032 quadrigam
561 2955 685 3011 invenit.
730 2954 810 3012 Plin.
831 2959 852 3020 7
873 2954 932 3031 56,
959 2964 989 3013 et
1008 2974 1049 3013 ex
1068 2974 1103 3013 eo
1124 2952 1231 3013 Isidor.

132 3039 175 3101 *18
197 3039 248 3112 34,
270 3038 376 3115 Virgil.
391 3039 501 3118 Georg.
516 3043 554 3104 3:
573 3041 693 3117 primus
705 3038 921 3098 Erichthonius
933 3061 1039 3098 cumis
1051 3049 1081 3096 et
1092 3048 1235 3117 quattuor

133 3141 228 3179 ornus
250 3122 374 3202 iungere
399 3144 498 3205 equos.
529 3126 671 3185 Drnrsr.
726 3126 833 3185 lacuna
855 3127 898 3185 aio
919 3128 1031 3205 optima
1055 3124 1231 3202 expleatur:

134 3205 210 3286 qin'd
226 3207 354 3285 reseram
378 3209 572 3269 Oenomaum.
616 3231 692 3270 nam
713 3211 893 3289 Cecropiam
913 3213 1005 3269 nituit
1027 3209 1167 3288 generale
1188 3218 1234 3268 est

134 3300 166 3349 et
179 3291 299 3370 longius
311 3296 449 3371 petitum,
473 3295 554 3377 quod
565 3298 681 3376 placuit
695 3295 896 3355 eruditissimo
909 3297 1097 3375 Dempstero.
1136 3293 1234 3353 Oeno-

134 3396 240 3434 moom
261 3376 385 3458 quidem
405 3381 501 3439 voluit
522 3392 552 3440 et
573 3383 773 3458 Savarouius,
794 3375 897 3439 cirin
914 3380 1025 3439 talibus
1041 3380 1234 3460 scriptoribus

133 3463 283 3542 plurimae
299 3464 452 3540 lectionis3
475 3461 574 3528 sedeo*
590 3468 774 3546 quinetiam
788 3468 992 3528 necessarium
1010 3475 1071 3524 est:
1091 3485 1164 3525 nam
1182 3485 1236 3524 cur

133 3549 235 3608 minus
256 3548 398 3628 ambages
416 3560 531 3625 nectat,
554 3571 676 3611 oausam
693 3569 807 3631 ponera
825 3553 971 3632 Corippus
982 3553 1087 3612 voluit.
1137 3551 1235 3612 Oeno·

134 3635 200 3691 mai
215 3645 336 3714 praeter
354 3636 429 3696 alios
447 3638 562 3696 mentio
585 3647 631 3696 est
653 3636 735 3718 apud
749 3640 892 3698 Nonnutn
910 3638 968 3714 19,
988 3641 1031 3703 20
1052 3647 1082 3697 et
1098 3641 1140 3703 87
1162 3636 1235 3704 344.

133 3720 259 3780 Bauru.

187 3841 189 3848 ι
221 3804 263 3864 ib.
306 3807 450 3888 reseram]
472 3807 631 3868 sictrunce
643 3807 751 3871 editur.
795 3811 939 3892 Scaliger,
958 3822 992 3872 nt
1005 3809 1168 3892 suppleret,
1188 3808 1237 3866 le-

136 3891 182 3967 git
200 3890 390 3953 Orsilochum
403 3893 547 3973 referom,
567 3897 762 3976 Dempsterns
777 3897 977 3979 Oeoropidem.
1012 3908 1153 3957 neutrum
1163 3911 1236 3971 pro-

136 3974 190 4031 bat
205 3979 252 4034 vir
266 3975 370 4040 docus
389 3977 430 4038 ad
444 3982 594 4040 Marmora
612 3983 775 4044 Oxoniens.
790 4005 822 4068 p·
841 3985 917 4061 167,
939 3994 970 4044 et
987 3981 1103 4042 mavult
1117 3979 1236 4037 Henio-

138 4058 381 4141 ehumreseram.
425 4065 539 4126 Savaro
559 4067 744 4128 Oenomaum
757 4067 809 4129 hio
821 4072 937 4130 invenit
951 4072 984 4127 in
998 4076 1060 4125 not.
1076 4063 1116 4124 ad
1128 4060 1233 4122 Sidon.

139 4163 236 4208 carm..
249 4151 291 4211 28
311 4168 344 4228 p·
367 4153 444 4226 198,
475 4153 620 4232 probante
641 4157 797 4216 Perizonio
823 4153 863 4214 ad
883 4156 1003 4215 Aeliau.
1023 4154 1094 4211 Var.
1114 4150 1193 4210 Hist.
1214 4150 1234 4211 8

138 4250 167 4288 c·
182 4231 269 4294 38111
280 4231 331 4294 fin.
373 4236 493 4294 nullum
504 4257 560 4316 ego
574 4238 700 4316 definio,
721 4261 778 4300 neo
791 4259 929 4321 possum:
950 4239 1050 4296 nesolo
1067 4236 1150 4293 enim
1162 4229 1236 4314 quid

138 4316 289 4396 scripserit
312 4327 425 4380 auctor.
446 4323 567 4383 voret.
609 4325 752 4386 lacunam
773 4326 912 4407 suppleri
936 4321 1098 4384 adiicienst
1119 4320 1238 4381 Henio-
