2750 4625
390 300 448 367 uu
471 295 733 368 rnaoaroue
755 300 896 369 raam.
1076 307 1078 310 ·
1157 321 1193 371 11
1246 280 1258 290 ’

181 470 229 528 De
252 468 351 548 pretio
375 465 590 527 anecdotorum
616 465 763 528 editorem
784 465 882 527 dicere
906 470 1105 550 periculosum
1128 484 1192 553 est3
1314 499 1318 506 ·

96 593 197 655 neque
213 589 397 653 magnopere
417 582 519 631 metuo
539 591 596 646 ne,
615 572 665 631 rel
684 572 792 631 silente
810 591 877 647 me,
898 573 1094 635 Merobaudes
1105 593 1193 637 meru

98 673 338 738 oontemnendu
356 680 445 755 poete
464 673 561 734 videri
579 677 682 754 possit.
724 673 820 732 multa
841 675 974 754 profecto
989 675 1037 737 his
1051 682 1191 739 carmini-

98 781 156 839 bus
176 781 280 839 insunt
298 775 416 837 fortiter
434 779 578 857 oogitata,
600 778 728 857 plurima
749 777 901 856 eleganter
920 777 1017 839 diota:
1039 802 1195 865 nunquam

99 884 227 962 ineptit3
250 885 336 958 raro,
353 877 388 938 id
399 878 482 961 quod
495 882 563 940 aevi
576 880 685 939 vitium
698 889 759 954 est,
778 877 886 939 tumet.
928 884 1010 942 sitin
1024 877 1083 943 hoo
1099 906 1195 968 qnae-

102 983 175 1044 dam
189 982 312 1044 editoris
326 982 536 1067 φιλοστοργίας
558 993 660 1041 tamen
674 978 753 1040 hano
767 981 1029 1063 reprehensionem
1045 1007 1106 1047 000
1119 987 1196 1051 adeo

100 1108 224 1164 vereor,
247 1096 283 1146 ut
294 1105 356 1146 non
367 1087 465 1145 fatear
480 1105 587 1166 oupere
600 1104 652 1143 me
667 1103 737 1143 amu
751 1084 933 1162 Claudiano,
955 1088 1005 1145 oui
1019 1092 1108 1148 aetati
1123 1110 1196 1170 peo-

101 1192 206 1249 ximus
228 1200 291 1265 est,
316 1191 433 1269 poetica
454 1208 570 1270 quoque
587 1185 678 1246 laude
693 1188 747 1245 rix
759 1187 930 1247 inferiorem
947 1191 1071 1249 censeri.
1115 1195 1198 1252 soili-

102 1304 167 1368 oet,
193 1289 228 1351 id
257 1289 338 1373 quod
358 1292 559 1372 inscriptionis
583 1291 716 1369 elogium
734 1288 902 1369 praedieat,
930 1293 1087 1371 ingenium
1108 1297 1199 1357 armis

102 1398 216 1477 pariter
233 1413 269 1452 ao
288 1394 357 1454 stilo
378 1405 568 1472 exercuerat,
595 1396 664 1475 plus
683 1396 718 1453 iu
740 1396 842 1474 cestris
864 1414 955 1475 quam
975 1397 1008 1453 in
1028 1395 1200 1458 scholarum

103 1500 167 1558 otio
187 1508 335 1557 versatus.
376 1497 409 1555 in
428 1498 601 1557 universam
614 1507 716 1556 eutem
730 1495 788 1555 hoo
802 1494 966 1555 tenendrnn
980 1508 1040 1574 est,
1061 1499 1115 1558 illo
1130 1520 1200 1560 sae-

103 1600 177 1659 0010
188 1619 247 1680 quo
261 1599 339 1658 orbis
349 1599 503 1658 Romanus
517 1596 708 1675 oonoidebat,
728 1598 819 1679 longe
833 1600 920 1680 plura
932 1601 1135 1683 amplioreque
1149 1604 1200 1661 in-

105 1703 202 1782 genia
221 1703 349 1780 viguisse
370 1719 462 1783 quam
483 1703 520 1762 iia
540 1721 617 1785 quae
631 1704 768 1783 proxime
782 1714 1019 1783 praecesserant:
1047 1724 1200 1764 summum

106 1805 194 1863 enim
206 1800 379 1880 disuimeu,
400 1824 460 1886 quo
473 1817 598 1885 urgente
611 1807 844 1887 uniuscuiusque
855 1808 963 1887 privati
974 1805 1105 1867 hominis
1120 1810 1201 1869 salus

107 1926 128 1966 a
142 1908 185 1965 rei
199 1907 338 1986 publieae
360 1907 456 1966 salute
474 1906 639 1989 pendebat,
661 1910 777 1969 animos
794 1929 834 1968 ex
848 1905 963 1969 diutiuo
983 1920 1102 1989 torpore
1116 1910 1201 1968 exei-

106 2019 187 2069 tatoo
200 2010 372 2088 graviorum
385 2029 486 2070 rerum
499 2012 727 2092 oogitationibus
739 2012 902 2092 implebat3
924 2013 1003 2072 viros
1019 2023 1120 2072 autern
1132 2032 1202 2072 ma·

106 2131 186 2193 gnos
202 2114 237 2170 10
252 2111 360 2173 mediis
377 2115 518 2193 periculis
538 2113 817 2198 disorimlnibusque
836 2125 921 2175 natos
945 2124 974 2173 et
990 2113 1102 2192 laotos,
1123 2117 1203 2175 iuter

108 2216 301 2296 antiquarum
319 2220 464 2277 vlrtutum
483 2221 584 2279 ruinas
599 2221 784 2295 eminentes,
807 2230 837 2278 et
852 2238 979 2301 quorum
988 2218 1144 2276 immensis
1155 2217 1204 2275 la-

108 2320 232 2379 boribus
244 2321 386 2402 reliquiae
397 2323 518 2402 imperii
530 2324 761 2399 sustinebantur,
776 2324 889 2383 sineere
904 2333 934 2381 et
950 2341 990 2380 ex
1004 2323 1105 2380 animo
1115 2340 1206 2401 prae-

111 2420 253 2483 dicabant
275 2406 564 2508 adrdirabanturque.
608 2428 718 2508 quippe
740 2428 866 2486 Traiani
888 2444 962 2484 aevo
984 2443 1084 2505 neque
1105 2421 1206 2483 clades

112 2537 253 2606 suseptae
274 2545 372 2609 neque
389 2531 467 2608 parti
486 2527 631 2610 triumphi
649 2527 858 2588 condicionem
875 2529 1020 2586 Italorum
1036 2525 1209 2583 mutabant:

11 2638 12 2643 ’
112 2648 220 2687 rermn
239 2648 257 2687 a
278 2632 389 2689 virtute
410 2643 440 2690 et
461 2633 604 2691 felicitate
625 2633 707 2691 Astii
727 2631 849 2709 eiusque
870 2624 1028 2707 prudentia
1047 2623 1211 2705 pendebat,

112 2743 219 2791 utrum
228 2734 341 2792 Romae
354 2745 384 2793 et
395 2736 429 2792 in
440 2736 527 2794 Itelia
540 2752 645 2796 secure
659 2734 827 2806 ureretur,
850 2749 889 2789 au
907 2729 1100 2788 barbarorum
1111 2728 1212 2787 saevi-

111 2835 161 2894 tia
181 2854 274 2916 neque
292 2838 326 2894 iu
341 2838 554 2897 remotissimos
576 2834 702 2916 angulos
723 2844 915 2915 grassaretur.
958 2831 1048 2892 huius
1070 2832 1154 2908 aeri,
1179 2832 1212 2888 iu

113 2956 177 3019 quo
192 2956 343 2997 armorum
356 2941 451 3019 glorie
462 2942 567 3001 ditius
581 2942 646 3021 ipse
658 2918 696 2998 au
707 2939 894 3013 Bonifaoius,
915 2936 1063 3017 pauloque
1078 2935 1210 2993 iuniores
1226 2952 1254 3008 ρ.
1271 2936 1325 2994 xn
1350 3020 1354 3029 ⁴

112 3042 299 3101 Maiorianus
320 3052 351 3101 et
371 3042 581 3120 Sebastianus,
603 3043 766 3119 florebant,
789 3043 847 3101 viri
859 3043 912 3100 vix
924 3041 980 3098 ulli
991 3041 1126 3119 priorum
1144 3055 1214 3095 sae-

114 3142 254 3201 culorum
278 3142 348 3203 duci
370 3144 511 3222 seoundi3
531 3149 564 3205 in
585 3165 644 3229 quo
659 3166 721 3206 non
737 3147 826 3226 pauci
839 3164 926 3204 senes
939 3142 1113 3224 superstites
1129 3149 1214 3199 erant

113 3246 172 3326 qui
185 3243 385 3308 Claudianum
398 3247 567 3326 audissent,
588 3261 618 3309 et
629 3248 711 3332 quod
722 3252 761 3309 1).
776 3251 979 3328 Augustinum
992 3240 1213 3326 quodammodo

113 3347 178 3407 sibi
192 3349 319 3410 tribuere
338 3363 471 3432 poterat,
490 3351 598 3430 huius,
621 3356 763 3436 iuquam,
784 3353 851 3410 aeri
865 3351 984 3409 nullum
996 3356 1151 3426 supererat
1164 3346 1214 3403 iu-

113 3451 202 3529 genii
213 3466 461 3533 mouumentum,
481 3465 571 3537 atque
584 3459 650 3537 ipse
661 3458 795 3535 iugentia
809 3456 890 3514 Astii
903 3452 999 3525 facte,
1016 3459 1135 3528 praeter
1144 3447 1215 3507 bre·

112 3556 275 3613 vissimum
293 3558 326 3615 in
346 3555 493 3618 obruuiois
508 3563 710 3636 mentionem,
728 3558 890 3617 memoriae
902 3552 1060 3613 hominum
1071 3553 1135 3611 fere
1148 3571 1216 3610 ere-

113 3669 169 3737 pta
183 3659 316 3719 fuerunt.
345 3663 445 3743 itaque
459 3662 617 3741 singularis
628 3661 738 3723 horum
748 3661 984 3738 fragmentorum
999 3655 1053 3716 dos
1067 3667 1121 3732 est,
1135 3651 1218 3736 quod

115 3772 149 3820 et
169 3761 212 3821 ad
233 3784 333 3823 rerum
354 3775 507 3843 gestarum
526 3767 666 3825 notitiam
688 3762 828 3823 nonnihil
854 3762 1028 3835 conferunt,
1056 3769 1086 3817 et
1110 3776 1219 3817 aerum

113 3864 239 3944 ipsum,
262 3868 426 3949 qualesque
447 3868 500 3927 1110
519 3878 656 3949 tempore
677 3868 792 3927 fuerint
806 3866 922 3924 litterae
937 3861 1135 3944 hominesque
1150 3880 1221 3919 eru·

113 3964 194 4043 diti,
213 3978 285 4027 anta
301 3970 404 4030 oeulos
421 3972 541 4031 sistunt.

204 4069 338 4134 Editorls
359 4074 511 4151 offioimu,
535 4076 568 4133 iu
587 4069 764 4133 huiusmodi
785 4071 918 4153 reliquiis
939 4063 1149 4139 recensendis,
1173 4060 1224 4120 rel

113 4173 284 4254 praeeipua
304 4178 382 4236 eirea
397 4177 607 4258 supplementa
620 4195 763 4242 versuum
779 4184 984 4234 truncatorum
998 4170 1111 4230 versari
1123 4163 1224 4224 liben-

113 4286 166 4336 ter
190 4296 341 4358 agnoso03
366 4298 495 4363 eumque
522 4279 660 4354 demum,
681 4280 790 4359 quiea
812 4295 889 4358 quae
903 4276 998 4334 fracta
1015 4282 1045 4332 et
1059 4269 1225 4330 deformata
