2750 4625
405 363 564 432 IUSTINI
587 362 768 431 MINORIS
793 363 872 432 LIL.
893 363 921 433 1.

202 530 269 590 luce
283 549 337 590 rua
352 527 471 595 radians
486 541 515 589 et
530 539 632 609 aperto
645 530 740 593 libera
756 531 851 607 caelo,

106 692 109 697 ,
201 633 359 711 conspicuo
374 634 461 692 vitrei
476 631 637 713 splendens
651 631 770 710 fulgore
787 633 921 710 metalli3

121 732 182 797 100
202 730 301 791 dicere
318 736 343 793 si
355 735 402 793 far
415 744 476 810 ert,
497 736 579 793 rutili
592 753 653 796 non
666 733 769 812 indiga
786 737 868 810 rolin,

203 835 254 893 vel
266 837 338 896 rolla
353 834 480 895 dicenda
493 834 617 912 domm
641 837 811 914 gratissima
825 840 894 897 viru

203 947 234 995 et
247 938 323 997 facie
339 935 476 997 miranda
488 939 557 997 loci.
600 958 669 1020 pan
685 941 827 1021 prospicit
839 958 900 1000 una

203 1042 384 1103 immensum
396 1041 539 1121 pelagua3
560 1060 630 1124 para
644 1043 765 1123 respicit
778 1041 870 1099 altera
883 1050 1014 1120 portum,

206 1153 325 1222 portum
336 1162 426 1224 quem
440 1146 576 1222 geminae
590 1143 782 1222 complexaut
795 1139 917 1202 brachia
932 1144 1016 1222 ripae

122 1244 184 1312 105
203 1245 360 1306 moenibus
372 1243 530 1333 appositio,
550 1242 669 1323 rapidos
684 1250 872 1306 contemnere
888 1256 992 1303 ventor

90 1376 94 1384 ·
204 1348 378 1424 etfaciam,
399 1348 600 1428 praebentque
615 1347 714 1408 salum
728 1346 854 1406 alatione
869 1346 1021 1425 quietum:

205 1469 368 1531 aequoreos
382 1450 524 1531 frangrmt
536 1448 651 1509 obiecto
665 1468 813 1511 mannore
824 1447 941 1522 fluctuo,

206 1562 236 1611 et
249 1548 409 1631 prohibent
423 1552 530 1614 refluae
545 1551 679 1631 angustia
692 1550 827 1612 faucibus
843 1547 950 1608 undar.
1040 1542 1045 1553 ¹

206 1657 318 1734 gratior
331 1654 383 1711 ille
395 1653 453 1713 itrit
467 1636 712 1728 dominirlocua,
733 1649 813 1712 unde
829 1652 965 1712 colebant

126 1760 186 1822 110
205 1755 390 1836 undivagum
401 1765 534 1835 spectare
548 1754 660 1817 fretum
674 1773 837 1837 carrasque
850 1758 965 1815 carinas

208 1862 308 1921 onmia
321 1868 471 1917 vectantes
486 1859 598 1937 gemini
613 1860 790 1920 commercia
805 1854 922 1919 mundi.

206 1963 270 2022 illic
287 1982 303 2020 e
317 1961 414 2023 atratis
428 1977 607 2037 consurgens
621 1961 750 2040 impiger
763 1959 831 2019 altio

208 2066 319 2124 electus
331 2063 468 2142 princeps
482 2071 594 2119 recreta
608 2062 641 2122 in
654 2072 738 2141 parte
749 2060 883 2138 cedebat,

207 2178 296 2247 atque
310 2173 426 2225 oetema
439 2162 497 2223 sibi
512 2181 597 2221 carae
610 2162 757 2225 referebat
771 2166 895 2224 arnanti.

127 2267 187 2337 115
248 2270 329 2332 num
340 2267 473 2352 loquitur
483 2271 648 2348 penaatque
660 2266 712 2348 pia
729 2284 798 2325 oum
814 2268 940 2346 coniuge
954 2285 1050 2342 rurae,

208 2372 312 2433 limina
326 2390 409 2430 sacra
421 2380 520 2449 patrer
535 2364 656 2427 deiectis
670 2367 802 2429 rtsstibuc
817 2371 944 2428 intrant:

208 2475 261 2532 ille
275 2470 394 2534 habitus
409 2489 511 2532 casum
523 2471 616 2547 signis
633 2473 809 2530 monstravit
824 2473 945 2553 apertio.

209 2595 365 2636 surrexere
380 2575 447 2648 citi,
476 2570 634 2651 verbisque
650 2572 682 2630 in
694 2569 766 2628 aede
780 2573 890 2633 relictis
1028 2603 1034 2636 ι

210 2676 249 2740 ad
262 2674 378 2734 medior
391 2694 499 2734 venere
512 2673 605 2730 locor.
642 2664 737 2754 “qnid
753 2673 853 2748 lertio,
876 2672 988 2734 amioii

128 2785 188 2850 120
211 2800 263 2838 cur
274 2768 419 2839 tristesi”
442 2777 571 2836 lustrum
589 2777 640 2836 ait.
680 2767 785 2859 “puter
798 2778 917 2836 inclitus
931 2779 1011 2838 orbia

211 2879 319 2942 occidit
332 2899 372 2938 an
385 2879 459 2940 vivit
469 2869 507 2935 ‘l'’
545 2897 656 2957 magno
671 2888 743 2936 tunc
758 2881 840 2958 regia
856 2880 928 2940 fletu

208 2987 365 3063 ingemuit.
408 2982 537 3060 gemitus
550 3000 610 3040 uno
625 2980 774 3042 calinicus
789 2979 901 3044 ademit

210 3107 261 3146 ora
273 3104 410 3166 premens
428 3081 537 3162 digito,
560 3080 726 3164 dextraque
739 3083 857 3144 silentia
871 3086 955 3146 fecit.

213 3208 321 3267 aggere
336 3207 397 3248 non
413 3186 500 3246 aliter
516 3204 585 3242 cum
599 3187 675 3244 ricto
692 3186 803 3247 flaunen
820 3186 969 3250 inundans

131 3291 190 3359 126
210 3294 243 3352 in
254 3292 330 3349 latos
349 3292 476 3372 erumpit
490 3307 597 3367 agros,
618 3290 645 3352 ei
659 3290 772 3350 cautior
785 3290 849 3348 illio

210 3392 395 3470 marginibus
409 3392 519 3474 sparsis
535 3398 645 3448 erectas
660 3389 781 3468 colligat
795 3389 892 3451 undar

213 3494 360 3572 agricola,
381 3495 413 3552 in
426 3512 492 3551 oeae
505 3490 614 3550 refluae
628 3491 813 3551 revocabitur
825 3495 932 3569 amnia,

210 3597 387 3681 praecipites
400 3594 554 3654 frenantur
564 3612 678 3674 aquae,
699 3592 777 3654 redit
788 3597 918 3678 impetur
931 3598 1039 3673 omnia,

212 3707 241 3754 et
254 3698 347 3755 clausi
361 3696 464 3756 bibula
479 3698 536 3754 riri
546 3698 722 3756 minuuntur
736 3715 836 3755 arena.
879 3737 883 3744 .

132 3801 190 3864 130
206 3791 400 3859 “Romanum
414 3799 589 3876 imparium,
610 3800 689 3877 patri
704 3796 777 3858 dum
790 3800 852 3857 vita
862 3797 1012 3876 manebat,

211 3903 316 3958 vestris
334 3899 465 3958 consiliis
479 3903 645 3979 vestrisque
662 3900 814 3958 laboribus
830 3910 950 3959 auctum

213 4012 242 4060 et
256 4002 338 4081 plebi
351 4011 458 4060 notum
471 4012 516 4060 est
532 4013 562 4060 et
575 4021 630 4061 noa
644 4023 713 4063 cum
724 4002 812 4086 plebe
825 4003 964 4078 fatemur,

212 4105 396 4180 Augustum¹
417 4105 546 4179 iustine,
568 4123 673 4183 genus.
719 4115 747 4163 te
762 4106 896 4186 principe
910 4103 1046 4183 dignum,

214 4214 242 4260 te
256 4200 411 4263 dominum
427 4224 528 4265 sacrae
545 4209 613 4290 quie
624 4227 686 4268 non
697 4204 882 4290 praedixerit
894 4210 991 4283 aulae,

130 4320 180 4376 124
195 4316 270 4388 cum]
286 4317 422 4389 lagoum
438 4336 520 4391 quam.

1055 431 1059 435 ,
1138 327 1234 461 169'
