2750 4625
439 256 704 329 IOHANNIDOS
729 257 810 331 ΠΒ.
831 259 859 327 1.

186 430 309 502 aspectu
322 418 460 504 placidus
473 422 575 483 senior
591 419 744 483 descendit
763 410 901 507 Olympo,

99 526 164 589 260
186 522 313 583 candida
327 522 451 584 sidereis
465 533 585 603 gestans
598 525 747 585 velamina
758 528 874 607 peplis;

186 646 222 684 ac
238 627 319 686 stetit
332 638 401 686 aute
416 627 518 687 certios
534 628 705 706 quaerentis
720 629 780 686 tela
794 627 945 705 iubarum,

186 730 389 812 continuitque
402 748 542 803 menum,
564 738 725 808 sanctoque
739 725 814 789 haee
827 729 942 803 eddidit
954 750 1017 797 ese.

182 820 265 888 “nou
278 830 361 890 fruor
372 833 404 890 iu
417 840 514 890 tantas
528 830 642 888 ammos
658 832 701 891 sic
716 835 841 892 concitet
853 836 923 895 iras

186 951 293 1011 sperne
304 933 420 991 malum
433 933 565 991 bonitate
579 940 648 1006 tua3
670 932 761 1013 iuge,
782 932 846 994 dira
860 935 992 1014 maligni¹
1115 1006 1119 1015 „

96 1032 164 1100 265
186 1035 282 1112 iurgia
296 1053 336 1092 ue
348 1024 488 1092 timees.”
529 1034 578 1092 cui
591 1032 656 1093 dux
671 1025 778 1113 “pater
790 1031 924 1115 optims”
947 1035 1025 1101 elixit

182 1127 307 1216 “virque
323 1132 388 1210 dei,
413 1135 508 1194 cernis
524 1144 687 1195 certantem
702 1134 860 1218 aditusque
873 1140 992 1199 viarum

187 1235 323 1296 claudere
336 1229 515 1295 nitentem.”
556 1239 654 1295 senior
665 1248 738 1297 tune
751 1249 851 1297 mente
865 1238 1011 1323 beuigrm
1027 1288 1034 1307 ,

186 1336 260 1398 haec
273 1341 324 1398 ait.
362 1330 401 1398 “o
416 1339 510 1414 felix,
530 1341 657 1418 vestigia
668 1351 770 1411 nostra
783 1350 902 1423 secutus

184 1438 322 1500 medune
339 1458 426 1519 carpe
440 1433 554 1499 viam?
595 1442 638 1500 sic
651 1440 731 1502 fetus
745 1438 860 1501 lumine
873 1461 985 1523 magne

99 1544 166 1609 270
187 1543 282 1601 erexit
294 1539 431 1621 placidus
444 1541 593 1621 fulgentes
605 1543 755 1623 lampadis
765 1545 844 1624 iguis

187 1755 258 1804 tunc
270 1764 340 1805 veru
352 1745 449 1807 omnis
463 1746 544 1806 iners
556 1742 647 1806 dubia
661 1755 720 1809 stet
732 1757 832 1807 mente
845 1748 998 1826 magister,

190 1856 220 1906 et
229 1849 325 1907 ventis
338 1845 390 1908 dat
403 1859 487 1928 terga
502 1848 615 1927 fugax,
636 1850 805 1932 victamque
815 1851 925 1913 fatetm

186 1950 257 2009 artis
271 1970 374 2030 opem,
393 1951 547 2032 nescitque
560 1951 723 2032 miserque
737 1952 853 2013 flectere
862 1970 1007 2033 puppem.

187 2070 243 2111 nec
255 2052 387 2112 breviata
399 2054 467 2112 sinu
480 2062 647 2112 sustentant
658 2054 752 2114 lintea
766 2057 864 2114 flatus.

101 2151 166 2219 275
185 2172 247 2211 nou
260 2173 334 2233 opus
348 2164 393 2214 est
405 2155 492 2215 ullis:
513 2152 666 2240 deponunt
679 2156 781 2216 amnia
794 2164 904 2213 uentae

186 2253 254 2313 vele
267 2256 372 2333 simul,
393 2258 549 2338 ventisque
561 2268 640 2320 rates
654 2257 803 2340 nudisque
816 2258 999 2340 relinquunt.

188 2368 367 2436 sparguntur
379 2362 461 2419 reric
477 2358 593 2421 diversa
606 2379 661 2444 per
675 2379 805 2443 aequora
821 2378 918 2432 eursu,

186 2478 245 2540 quo
261 2479 362 2536 casus,
384 2480 443 2541 quo
457 2471 563 2523 ventus
577 2483 686 2544 egens,
709 2470 870 2522 nocturnus
888 2466 919 2515 et
932 2473 1013 2516 error
1113 2517 1117 2532 ,

185 2560 262 2620 ferte
274 2559 375 2622 trahit.
418 2583 541 2624 saevum
551 2566 668 2623 miseris
679 2563 799 2622 fortuna
811 2562 942 2619 minetur

103 2665 166 2729 280
184 2663 390 2742 naufragium:
410 2665 527 2726 nullum
540 2663 663 2726 credunt
673 2683 826 2743 superesse
842 2661 979 2736 salutem,

187 2764 403 2845 desperantque
417 2784 503 2824 suam
512 2786 567 2847 per
579 2776 681 2847 aperta
694 2765 826 2846 pericula
837 2766 941 2824 vitam.

226 2869 378 2948 Ingemuit
392 2864 511 2943 ductor,
531 2878 721 2950 mentemque
735 2866 775 2927 ad
787 2864 884 2928 sidera
897 2864 989 2924 tristis

186 2970 289 3047 erigit3
311 2971 517 3052 auxiliumque
533 2968 581 3031 dei
594 2971 704 3051 pietate
716 2972 868 3049 magistra,

187 3080 221 3129 ut
233 3081 329 3132 metus
345 3075 409 3156 ipse
427 3070 533 3150 dabat,
553 3074 683 3133 lacrimis
694 3073 819 3154 inquirit
830 3069 951 3142 obortis,

101 3172 163 3241 285
184 3192 295 3252 pronus
308 3181 337 3231 et
348 3167 474 3234 exulans
487 3176 617 3254 supplex
628 3174 676 3236 his
689 3175 812 3234 vocibus
825 3171 901 3230 infit.

182 3265 388 3355 “omnipotens
404 3276 486 3335 verbi
499 3280 617 3355 genitur
629 3296 787 3359 rerumque
800 3282 922 3344 creator,

185 3378 363 3457 principimn
376 3379 439 3436 siue
453 3377 528 3452 fine,
550 3377 640 3453 deus,
663 3389 694 3438 te
707 3387 810 3437 ctmcta
821 3377 951 3434 fetentur

186 3489 336 3538 auctorem
350 3487 380 3536 et
394 3476 563 3555 dominum,
586 3491 615 3539 et
626 3480 769 3538 factorem
782 3479 930 3537 elementa
940 3473 1123 3534 trerniscuut.

186 3592 217 3641 te
230 3583 312 3641 venti
324 3580 478 3661 nubesque
490 3588 615 3660 pavent;
638 3579 693 3637 tibi
707 3580 816 3637 militat
830 3585 891 3653 air,

101 3687 166 3750 290
185 3684 369 3765 imperioque
383 3692 434 3742 tuo
449 3701 529 3740 nunc
544 3679 653 3740 ardum
668 3682 783 3739 intonat
796 3678 899 3740 aether

185 3804 354 3866 ruugnaque
366 3786 500 3843 concussi
514 3782 648 3843 turbatur
658 3778 798 3841 machina
810 3779 926 3840 mundi.

138 3863 142 3870 ’
185 3896 219 3945 tu
232 3890 306 3963 scis,
327 3906 443 3948 smmue
457 3895 559 3969 pater,
579 3894 613 3946 tu
627 3886 778 3966 praescius
793 3886 893 3944 omnis
909 3884 1006 3944 nosti:

98 4069 234 4124 fflhm
243 4032 350 4124 ’ΜΗ
448 4070 500 4127 253
517 4045 667 4128 ‘'mim‘'
761 4069 813 4124 270
829 4065 952 4120 exexli'l'
1017 4059 1106 4113 .t'bs‘d.
1124 4058 1185 4107 lum·

99 4137 225 4263 5:2⁸⁸
275 4139 524 4265 mffiqque
536 4137 717 4262 01³3qu
729 4137 802 4259 Tau
819 4134 974 4191 succentu
1073 4127 1122 4181 ers
1140 4141 1187 4177 ts.

646 4231 658 4259 ³
752 4244 760 4260 0
