2750 4625
170 282 221 356 rc
266 262 281 283 ““
633 279 801 349 coann

170 447 233 515 885
253 445 309 508 sed
321 448 414 507 sulus
426 465 487 506 non
500 447 563 505 ulla
575 445 635 507 fuit
647 464 707 527 qua
719 464 841 525 surgere
854 457 965 526 posset.

254 550 328 610 duur
341 561 443 608 tamen
455 550 604 608 occultum
617 559 794 608 conservant
806 559 926 628 pectora
939 550 1062 623 bellurn,

255 655 361 712 militis
372 654 546 711 iunmneras
560 652 658 713 fatum
669 651 841 710 miserabile
857 653 951 711 sensit

256 753 431 813 dimhraisso
444 772 562 812 manus.
606 764 711 832 gentes
724 772 786 812 non
799 752 886 812 laesit
899 772 1014 812 amaras

255 858 359 915 Manis
370 857 467 913 amica
477 856 554 914 lues.
596 865 734 915 metuens
744 865 846 913 tranen
855 856 911 913 ille
923 856 1045 914 cavebat

173 961 236 1027 390
255 978 294 1017 ne
306 959 387 1016 male
399 958 549 1037 praelatae
562 966 681 1036 caperet
695 960 832 1035 contagia
844 968 950 1015 terrae.

257 1072 302 1120 ast
317 1061 368 1119 ubi
381 1061 469 1140 pulsa
482 1061 563 1134 lues,
584 1061 688 1117 Martis
703 1057 861 1118 succedere
874 1061 973 1120 ferror

257 1165 371 1243 coepit,
393 1174 422 1221 et
434 1160 573 1221 infandas
586 1162 665 1220 acies
678 1158 719 1219 sd
733 1163 813 1220 bella
829 1165 937 1241 coegit.

257 1267 340 1324 misit
353 1263 393 1323 ad
405 1276 556 1322 extremas
571 1264 685 1343 Libyae
699 1266 826 1323 sitientis
840 1285 955 1339 arenas,

259 1367 322 1425 sole
336 1366 389 1424 ubi
399 1367 538 1425 tellurem
549 1368 642 1423 nimio
654 1368 815 1437 necaverat
824 1368 899 1425 olim

148 1514 151 1519 ,
176 1467 238 1534 895
258 1468 385 1526 salsulae
398 1466 530 1526 deiectus
541 1465 715 1542 Piraitlrou3
735 1470 922 1549 populosque
932 1470 1081 1549 malignos

259 1567 393 1645 edocuit,
415 1571 582 1649 nostrisque
595 1570 732 1648 implerit
745 1568 881 1630 cladibus
894 1591 957 1629 ora.

257 1672 379 1751 iamque
395 1672 477 1730 ferae
493 1682 597 1750 gentes
611 1670 760 1750 Libycam
775 1669 942 1731 funduntur
953 1675 984 1730 in
1002 1694 1101 1734 exera.

259 1783 359 1852 raptor
372 1774 484 1854 ubique
499 1775 601 1832 furens
613 1790 668 1851 per
678 1782 795 1831 nostras
808 1793 923 1831 currere
936 1784 1030 1833 terras

259 1885 290 1933 et
304 1885 420 1933 vastare
438 1894 521 1934 casas
536 1878 699 1955 ignemque
715 1877 876 1933 immittere
891 1880 977 1935 tectis

175 1974 238 2040 400
257 1978 377 2055 incipit,
397 1985 428 2035 et
441 1976 568 2035 llasnrnis
582 1975 762 2036 succendere
774 1976 907 2037 fervidus
919 1979 1018 2037 urbes.

301 2081 340 2138 Ut
354 2079 498 2139 solomon
513 2077 588 2137 vidit
603 2090 722 2137 tautum
734 2099 912 2159 consurgere
925 2081 1049 2155 bellurn,

259 2182 410 2239 Romanas
424 2183 503 2239 acies
517 2185 630 2241 cunctis
644 2180 682 2240 de
695 2183 829 2261 partibus
842 2193 922 2243 actas

262 2280 424 2359 contrahit,
446 2282 578 2345 adversis
592 2304 753 2365 properans
767 2304 939 2345 concurrere
952 2285 1031 2346 fads.

261 2386 343 2446 ilicet
358 2386 488 2446 infausto
503 2387 663 2446 mundatur
675 2391 784 2467 pagina
801 2407 898 2461 marsa,

177 2486 239 2557 405
259 2500 289 2547 et
303 2490 362 2546 ruit
376 2508 444 2547 ecce
458 2491 579 2565 volans,
602 2509 699 2571 aequo
713 2510 774 2550 non
786 2493 881 2549 Marte
893 2500 1022 2565 cosmus,

259 2592 432 2649 Maurormn
445 2589 564 2667 ductor,
587 2595 692 2653 naiseri
704 2595 873 2653 Salamis
887 2595 1000 2652 amicus

260 2694 403 2751 Romanis
418 2693 506 2752 rebus
519 2697 648 2754 nimiann
659 2715 836 2778 semperque
847 2694 955 2770 fidelis,

261 2795 371 2851 Casina
385 2795 588 2854 blastrooianis
603 2817 706 2856 secum
720 2800 832 2858 viribus
844 2801 961 2876 ingens.

262 2898 314 2975 qui
326 2896 459 2973 Tripolis
470 2904 542 2952 tuuc
557 2895 662 2957 dumos
675 2910 753 2975 erat,
780 2904 918 2959 convenit
930 2910 960 2958 et
975 2897 1075 2957 audax

178 2995 241 3063 410
260 2997 417 3074 Pelagiua3
438 2994 493 3053 sed
506 3000 633 3074 gentiles
648 2999 796 3082 durosque
809 3003 938 3059 Mecales

262 3119 365 3159 secana
377 3095 416 3155 ad
429 3097 508 3155 bella
520 3096 641 3157 trahens
655 3100 744 3157 fessis
756 3121 817 3159 non
829 3102 942 3159 uiribus
955 3101 1026 3158 ibat.

261 3203 397 3261 iuiauces
410 3201 494 3260 fictos
508 3203 639 3279 suscepit
651 3201 771 3258 nescius
785 3203 867 3258 artis.

262 3325 347 3364 ruens
361 3305 484 3364 obscura
496 3312 614 3375 innuet,
637 3303 791 3381 quotiens,
812 3304 957 3377 Fortuna,
979 3307 1111 3363 mirraris.

263 3406 338 3483 hen,
360 3408 504 3467 Salomon
521 3402 707 3476 miserande,
731 3406 792 3462 tuis
806 3401 862 3464 hos
876 3408 1000 3485 iungere
1016 3412 1118 3468 castris

180 3508 242 3576 415
264 3507 418 3568 debueras.
461 3519 572 3567 uectus
590 3509 682 3566 versis
699 3511 845 3565 contraria
860 3509 930 3568 fatis

265 3631 383 3690 semper
395 3612 468 3688 agit.
510 3611 612 3669 nullus
628 3611 737 3689 poterit
750 3613 845 3668 vitare
861 3610 942 3690 quod
954 3613 1054 3670 instat.

307 3713 418 3772 Ultima
432 3715 553 3793 iamque
566 3710 631 3772 dies
644 3713 762 3771 nostras
776 3723 952 3791 pervenerat
965 3734 1048 3783 cras3

265 3817 326 3872 iam
339 3815 468 3895 Libyam
477 3816 620 3873 minitans
633 3815 810 3894 properabat
823 3812 947 3894 perdere
959 3816 1065 3873 satana.

180 4030 232 4084 388
248 4044 297 4082 nou
308 4029 426 4085 minuas
436 4031 468 4085 Μ
533 4034 585 4088 390
597 4031 664 4086 nala
674 4031 773 4102 prelata
785 4032 815 4095 Τ,
827 4031 891 4083 mala
902 4030 1033 4102 praelatae
1043 4030 1075 4083 M
1141 4029 1192 4087 ³94
1201 4031 1266 4084 sol'l'

179 4099 595 4169 ascraeumque-erasm
702 4099 888 4154 araneum
996 4100 1266 4154 408ecsius'l'ideso

183 4157 504 4293 minoramus.
607 4169 834 4240 alopecuros
920 4171 969 4224 ur
987 4169 1098 4224 sear
1180 4171 1265 4225 sura
