2750 4625
193 264 266 339 132
646 266 820 335 cottum

316 429 492 493 useutcam
504 430 578 493 suos
590 431 736 493 Μωδαῒ
747 435 821 493 teliu
831 429 952 493 ἀποίου

276 534 341 614 ipse
357 532 460 593 dolens
475 535 576 595 vultus
589 532 702 597 hilares
716 536 876 595 simulabat
891 534 1006 594 omisis.

195 635 255 704 185
275 656 362 717 spem
376 633 466 695 debat
481 647 602 716 aspectu
614 655 623 695 τ
645 656 731 696 cures
744 656 816 695 nem
830 635 918 695 corde
930 635 1094 717 premebat.

275 735 347 796 inde
359 747 466 818 petens
477 740 563 798 Vinci
581 740 750 799 Romanum
765 736 911 798 contrahit
926 758 1053 817 tgmeu,

278 837 482 921 disposuitque
497 838 588 901 druos
600 859 740 899 numerus
756 839 907 921 fortesque
921 840 1055 898 tribunus

277 941 311 1001 in
325 943 460 1022 proprios
476 962 608 1002 remeure
620 943 718 1014 locos,
739 960 876 1019 reparare
890 939 1019 1000 fovendo

278 1041 486 1124 quadrupedes
500 1045 611 1120 fessos,
632 1060 765 1124 pugnum
779 1063 896 1122 sperare
908 1053 1095 1124 sequentem.

194 1139 257 1212 140
277 1147 397 1224 corripit
406 1147 471 1225 ipse
482 1149 579 1222 viem,
601 1143 739 1223 gradiens
753 1165 809 1224 per
824 1146 919 1204 litoris
934 1165 1020 1221 oras,

279 1266 338 1328 que
354 1250 449 1307 socios
466 1258 567 1327 posset
579 1250 661 1307 rictu
674 1266 812 1326 reperere
826 1245 943 1305 diumo.

276 1346 348 1413 inde
361 1369 489 1428 superne
501 1352 577 1429 petit
590 1353 767 1428 contemptis
779 1351 900 1408 moenie
914 1349 998 1426 ripis.

277 1452 348 1510 urbs
360 1451 486 1510 Laribus
497 1449 606 1510 mediis
619 1454 714 1530 surgit
725 1453 873 1510 tutissime
885 1451 970 1509 silvis

280 1563 311 1611 et
323 1553 416 1612 muris
429 1554 545 1611 munita
557 1554 660 1627 novis,
682 1572 757 1633 quos
773 1550 905 1611 condidit
918 1553 984 1631 ipse

196 1648 258 1717 145
278 1654 459 1713 lastinianus
473 1673 569 1734 apex,
590 1655 670 1714 orbis
685 1653 853 1714 dominator
866 1654 914 1712 eui

279 1751 454 1835 occiduique
468 1767 589 1835 potens,
610 1759 738 1815 Romuni
750 1757 845 1834 glorie
859 1756 954 1832 regni.

279 1851 339 1913 huc
353 1859 448 1916 socios
463 1855 567 1917 ductor
580 1860 691 1917 celeres
703 1878 856 1917 occurrere
869 1858 958 1915 iussit

278 1966 368 2036 etque
382 1956 473 2018 duces
488 1972 651 2042 gentesque
666 1960 741 2035 sibi,
763 1978 836 2040 quas
851 1962 916 2039 ipse
931 1955 1036 2017 fideles

279 2071 402 2118 uoueret
414 2080 478 2121 esse
492 2065 556 2121 suis
567 2065 663 2141 primo
679 2065 713 2120 in
728 2063 887 2121 certamine
902 2062 1007 2139 signis.

197 2154 260 2221 150
320 2164 446 2222 Nuntius
462 2147 570 2223 infelix
586 2165 711 2245 Tyrium
728 2175 915 2223 concusserat
931 2164 1053 2236 urbem,

281 2263 394 2340 proelia
413 2263 476 2325 dire
491 2266 589 2325 ferens
604 2274 634 2323 ot
649 2267 732 2325 sueri
746 2265 852 2325 femere
870 2268 977 2345 campi.

282 2362 459 2444 obstupuere
472 2365 610 2447 quidem3
636 2364 692 2424 sed
706 2387 775 2447 spes
787 2367 931 2429 fidissime
945 2368 1033 2426 rebus

279 2484 340 2523 una
352 2467 426 2543 fuit,
449 2469 567 2528 salvum
581 2467 682 2525 retulit
701 2466 780 2548 quod
793 2470 874 2529 famu
890 2473 1075 2548 magistrtus.

323 2569 465 2648 Coniugis
475 2572 589 2629 interes
598 2573 725 2629 murrae
737 2573 873 2650 peruenit
886 2569 925 2629 ad
938 2590 1025 2629 aures

200 2662 261 2732 155
280 2665 355 2729 haec
370 2671 476 2730 eadem
490 2675 612 2753 piuustu
625 2671 720 2732 ducis.
762 2675 926 2755 stupefacta
943 2674 1084 2754 relinquit

280 2769 477 2848 corduenos,
497 2776 653 2854 subitoque
667 2786 797 2835 tremens
811 2778 957 2856 oppalluit
971 2797 1035 2837 ore.

280 2890 354 2931 mox
367 2874 535 2933 miserenda
550 2874 647 2935 cudit:
670 2880 787 2936 coelum
799 2889 968 2959 terramque
981 2859 1120 2937 tenebris

281 2977 389 3054 eripuit
404 2996 472 3035 cum
483 2978 551 3034 luce
566 2975 660 3036 dolor.
702 2990 774 3038 tuuc
790 2984 893 3039 mortis
906 2984 1005 3056 imago

259 3068 264 3084 '
280 3076 380 3136 clausa
393 3076 445 3136 diu
459 3080 555 3136 tenuit
567 3081 705 3137 resolutis
716 3080 831 3138 luminu
843 3084 954 3137 nervis.

200 3174 260 3240 160
281 3192 435 3238 accurrunt
450 3180 601 3255 famulae,
624 3179 836 3260 dominumque
850 3182 948 3238 levare
964 3179 1120 3243 cadentem

279 3280 415 3341 nituntur
425 3285 537 3342 celeres
545 3285 560 3358 ,'
575 3285 708 3342 refovent
719 3292 749 3340 et
761 3293 880 3360 pectora
895 3283 1015 3361 palmis.

280 3383 400 3458 spiritus
413 3386 445 3442 in
459 3382 567 3463 gelidis
579 3386 678 3443 tenuis
692 3383 873 3442 recalescere
885 3388 1029 3446 membris

280 3485 333 3540 vix
347 3488 460 3563 potuit3
481 3486 678 3566 manibusque
695 3497 792 3544 erecta
807 3486 932 3563 resedit,

280 3601 337 3642 nec
348 3598 449 3646 moret
461 3589 595 3664 obtutus,
616 3608 721 3648 emens
737 3600 767 3648 et
779 3594 878 3648 saucia
892 3593 985 3650 luctn‘

199 3681 260 3752 165
280 3686 439 3746 immemor
452 3701 542 3773 etque
556 3691 630 3749 sui)
655 3702 790 3750 mentem
803 3694 857 3750 vix
871 3694 951 3752 fessa
962 3696 1074 3774 recepit

281 3809 336 3848 ceu
349 3789 486 3850 dubiam:
508 3795 604 3872 primo
617 3795 716 3852 lucus
731 3796 774 3851 sic
788 3814 854 3852 orsa
872 3791 973 3853 dolore
988 3805 1043 3854 est.

277 3882 354 3951 “cor
366 3890 461 3969 dolet,
483 3903 513 3952 ct
525 3894 625 3954 nullas
639 3893 796 3953 effundunt
809 3896 924 3954 lumine
938 3908 1046 3975 guttas.

200 4074 483 4145 insumptus
574 4076 897 4148 summumst
987 4082 1287 4153 ussmomsu

201 4146 250 4199 111
268 4161 332 4213 quus
343 4145 375 4213 Τ,
390 4161 441 4214 quo
453 4144 485 4197 di
551 4145 600 4197 153
616 4145 660 4215 qui
674 4149 699 4201 t*
765 4151 815 4204 163
832 4156 922 4224 crepta
935 4151 971 4219 T,
992 4152 1045 4207 sm
1056 4162 1143 4206 erecte
1152 4154 1189 4207 tt.
1206 4155 1287 4207 immo

197 4230 307 4268 sumum.
408 4213 456 4269 165
473 4229 532 4267 mox
542 4213 604 4268 ΜΤ.
