2750 4625
389 331 547 403 numu
568 315 750 401 uulnus
771 332 852 402 sm.
870 321 931 401 lv.
1138 333 1211 406 noo

198 522 255 561 nec
270 500 363 560 virtus
381 496 541 559 bominmn
552 520 610 559 nec
621 520 725 560 sensus
739 499 849 561 suffieit
861 501 953 559 nllus.
983 487 987 495 ’

198 606 288 665 fontis
302 605 411 663 Niliaci
430 606 456 663 si
472 605 633 684 quisquam
646 613 698 664 aut
716 600 834 662 hauriat
850 600 944 663 undas

199 720 229 767 et
244 710 344 782 bibat,
367 716 418 766 eut
430 707 542 765 bibulis
556 705 636 765 ri'ros
650 703 774 764 inducat
789 687 897 780 arenis,

115 813 176 877 170
197 813 262 890 ipse
276 807 401 891 quidem
413 810 538 869 sadatur
550 810 653 890 aquis,
675 811 822 869 satiantur
835 818 866 866 et
881 807 954 885 agri,

198 911 253 972 sed
268 933 343 994 quos
356 914 409 971 ille
422 912 516 992 rigat,
534 912 634 971 fontes
647 921 676 969 et
690 911 814 969 flumine
832 910 938 989 replet,

199 1027 229 1075 et
241 1015 365 1094 praebet
379 1016 478 1094 largas
493 1011 612 1072 haurire
626 1013 797 1074 volentibus
812 1011 920 1071 undas.

199 1137 277 1199 quae
291 1119 368 1176 circa
383 1116 521 1177 dominos
537 1126 674 1195 aptamus
688 1127 775 1192 vota,
797 1116 975 1196 probamus:

200 1219 274 1280 dum
289 1223 422 1279 cauimus
436 1220 621 1300 colimusque
634 1220 717 1298 pios,
739 1238 917 1278 veneramur
931 1224 1063 1287 orantes,

116 1322 178 1390 175
199 1339 274 1403 quos
287 1320 360 1381 dum
373 1320 547 1397 laudamus,
569 1319 691 1380 laudem
706 1319 744 1381 de
754 1319 844 1381 laude
859 1335 1019 1393 meremur,

200 1434 229 1483 et
240 1425 369 1483 fruimur
381 1426 494 1483 maiore
507 1424 604 1483 bono:
625 1443 698 1482 nam
711 1421 781 1482 dira
793 1441 927 1502 propago

197 1525 348 1586 humanae
362 1526 407 1584 nil
422 1523 521 1585 landis
537 1536 622 1604 eget,
644 1524 699 1585 sed
714 1536 783 1585 rota
796 1526 939 1584 clientum

197 1640 320 1710 pensat,
343 1625 527 1709 devotosque
541 1630 599 1689 sibi
612 1629 723 1708 pietate
740 1638 871 1688 coronat.

196 1733 303 1791 fertilis
316 1729 366 1790 hic
379 1733 514 1811 Augusta
530 1749 639 1789 manus
650 1729 788 1810 felixque
802 1728 898 1813 rideri

116 1838 177 1901 180
197 1835 265 1914 plus
277 1834 389 1909 voluit,
414 1834 592 1914 nullumque
604 1851 659 1891 suo
671 1834 822 1911 praeferre
835 1827 946 1891 idvoriz

197 1954 327 2016 namque
341 1936 411 1995 illos
426 1932 513 1994 donis
532 1938 705 2016 conscriptis
717 1931 976 2017 patribus‘aequos

198 2060 262 2100 esse
277 2036 376 2112 dedit,
399 2056 468 2095 oum
483 2035 573 2097 distet
587 2037 694 2098 honor.
735 2038 897 2117 vigilantia
915 2033 1024 2093 nostris

198 2137 255 2199 hoc
268 2142 378 2199 meruit
393 2142 528 2221 carisque
539 2142 644 2201 sarens
659 2141 811 2220 Sapientia
823 2139 938 2211 Musis3

198 2240 312 2302 doctior
324 2254 354 2302 et
369 2245 508 2324 princeps
522 2244 605 2301 norit
620 2240 702 2324 quod
715 2243 815 2300 littera
831 2258 931 2299 rerum

115 2344 176 2412 185
197 2363 266 2424 pars
279 2365 389 2426 magna
403 2356 448 2405 est
463 2365 651 2427 magnusque
666 2346 753 2404 labor
765 2341 961 2405 scribentibus
976 2339 1075 2396 instet.

196 2449 332 2526 protinus
345 2447 452 2506 officiis
464 2468 614 2506 surnnnam
628 2448 793 2507 tutantibus
809 2446 918 2518 aulam,

198 2548 351 2609 ordinibus
364 2552 492 2629 propriis
509 2560 539 2608 et
553 2551 650 2630 prisco
664 2570 748 2609 more
762 2547 881 2620 notatis,

198 2668 253 2728 per
265 2636 381 2712 scholas
398 2663 571 2733 tunnasque
587 2671 712 2726 vocans,
733 2652 784 2731 pia
798 2649 931 2729 praemio
948 2642 1081 2726 gaudens

198 2751 352 2830 praebuit,
373 2763 403 2814 et
413 2751 488 2813 fidos
500 2755 606 2835 opibus
620 2752 726 2813 ditarit
742 2754 879 2812 almnnos

117 2853 176 2918 190
196 2873 250 2932 pro
264 2858 379 2914 meritis
392 2854 593 2937 gradibusque
605 2858 678 2916 suis.
721 2853 803 2915 idem
820 2853 940 2913 inclitus
955 2866 1059 2909 omnes

196 2957 356 3032 nutrierat,
377 2955 507 3038 viroque
524 2960 615 3016 etiam
631 2959 765 3037 genitore
780 2956 910 3036 regebat.

197 3068 285 3117 natus
296 3060 329 3116 in
342 3060 486 3140 imperio,
508 3059 607 3119 media
622 3063 751 3120 nutritus
763 3060 796 3118 in
809 3060 878 3116 unle

197 3159 276 3219 inter
287 3161 476 3222 altunnorum
487 3182 629 3223 numeros
644 3165 804 3244 coetusque
818 3159 932 3234 fideles,

199 3265 321 3321 nomina
334 3277 522 3341 cunctorum,
544 3276 718 3325 cunctorum
728 3274 852 3325 noverat
866 3271 958 3334 aetus,

59 3420 64 3429 .
117 3365 177 3430 195
199 3384 303 3425 omnes
315 3370 397 3425 mitis
410 3387 532 3443 ainans,
554 3387 659 3427 omnes
672 3371 783 3447 pietate
795 3374 918 3446 paterna

197 3484 317 3547 semper
330 3469 414 3529 alens
430 3490 606 3551 semperque
622 3488 767 3543 mouens3
788 3470 906 3546 rituque
920 3459 1044 3541 regendi

199 3571 328 3629 continet
340 3570 405 3648 ipse
418 3589 488 3630 suos
498 3574 649 3654 nutritque
662 3572 803 3652 fovetque
817 3570 951 3641 clientes,

196 3670 341 3750 providus
351 3682 384 3731 nt
398 3683 517 3753 pastor,
542 3674 634 3752 longo
647 3676 700 3754 qni
713 3684 847 3753 tempore
859 3680 959 3729 tauros

197 3773 406 3855 lanigerosque
420 3793 527 3854 greges
542 3774 676 3836 herbosis
689 3778 773 3857 pavit
787 3777 821 3834 in
836 3775 925 3852 agris,

114 3876 178 3940 200
198 3877 299 3933 omnia
313 3895 389 3957 quae
405 3879 505 3957 posuit
519 3888 673 3937 taurorum
685 3880 808 3938 nomina
822 3880 924 3951 norit3

198 3996 329 4036 crescere
345 3976 489 4037 dilectum
500 3978 611 4058 gaudet
623 4001 731 4061 pecus,
751 3982 841 4039 intrat
854 3981 943 4055 urile,

200 4074 341 4138 disoeuut
354 4089 472 4139 teneros
488 4091 519 4140 et
532 4084 566 4142 in
579 4103 673 4142 rmrnn
688 4094 848 4164 congregat
859 4101 952 4162 agnos

198 4182 321 4238 nomina
334 4192 404 4240 nota
419 4201 545 4243 vocans:
567 4183 668 4244 audita
682 4206 755 4251 voce
769 4195 944 4266 sequuntur,
1057 4220 1062 4227 ·

200 4293 362 4359 agnoscunt
376 4283 546 4361 dominum,
572 4289 752 4369 pulsentque
765 4274 912 4353 balatibus
925 4299 1021 4351 aures,
