2750 4625
388 1081 988 1194 'NIEB'UHR'll‘
1065 1103 1128 1142 ·'

204 1307 283 1394 ua
312 1304 397 1432 aa,
426 1299 799 1454 uuuousuun
830 1293 1181 1436 palarmo,

582 1567 793 1584 Μ·-

59 1831 87 1886 p.
104 1811 129 1866 V
144 1758 234 1865 luter
255 1801 372 1863 codices
391 1802 589 1865 bibliothecae
607 1808 813 1888 sangallensis
835 1807 935 1885 plures
951 1813 1068 1863 exstare
1082 1803 1239 1881 rescriptos

143 1908 298 1988 quaerenti
314 1905 391 1964 mihi
411 1910 523 1967 Anius
542 1929 572 1967 v.
595 1909 632 1968 cl.
656 1909 816 1983 indicavit3
839 1928 873 1966 ac
892 1927 966 1965 mox
981 1924 1085 1964 omnes
1100 1904 1238 1961 collectos

143 2006 184 2066 ad
202 2007 426 2087 inspicieadnrn
438 2010 557 2068 obtulit.
600 2012 711 2070 etenim
725 2013 787 2070 iem
801 2008 917 2070 dudum
931 2017 1065 2096 accurate
1081 2006 1237 2063 examina·

141 2111 181 2168 tis
203 2111 328 2187 siugulis
350 2108 520 2185 codicibus,
540 2112 636 2170 sicrtbi
660 2109 775 2194 aliquid
795 2109 886 2169 huius
907 2112 1024 2189 generis
1044 2109 1237 2188 conspiceret,

141 2230 204 2269 uon
226 2212 325 2271 solum
345 2210 378 2269 id
396 2231 459 2269 uon
479 2213 703 2272 inobservatum
720 2215 911 2293 neglexerat,
932 2212 1159 2283 verumetiam,
1181 2205 1237 2265 ad-

140 2311 236 2372 hibito
252 2312 469 2372 medicamento
486 2312 709 2390 efficacissimo,
734 2313 808 2398 quid
822 2316 896 2373 olim
909 2303 1053 2394 sculptum
1065 2315 1173 2373 fuisset
1186 2314 1237 2369 iu·

139 2417 355 2494 vestigaverat3
377 2418 477 2496 itaque
490 2416 582 2496 probe
597 2428 790 2497 cognoverat,
812 2416 947 2499 mihique
960 2416 1118 2491 indicavit,
1139 2416 1171 2472 in
1185 2434 1235 2471 re·

139 2515 231 2597 liquis
246 2515 369 2597 quidem
382 2515 533 2576 codicibus
549 2530 599 2577 aut
611 2521 756 2579 librorum
767 2539 919 2579 sacrorum
932 2530 984 2577 ant
996 2528 1166 2576 sanctorum
1178 2533 1235 2592 pa-

138 2626 221 2675 trum
240 2621 365 2697 paginas
387 2618 500 2678 deletas
518 2617 637 2695 baberi,
659 2642 753 2680 amum
772 2643 836 2681 esse
853 2624 962 2702 inquo
980 2618 1119 2678 carminis
1135 2616 1235 2674 Latini

139 2720 285 2799 reliquiae
298 2731 478 2799 appareant:
499 2724 578 2780 inter
590 2720 664 2797 has,
684 2725 738 2782 ubi
750 2726 916 2784 h'tternrum
930 2722 1035 2782 ductus
1048 2722 1148 2779 minus
1161 2714 1235 2776 crue

136 2821 276 2893 sinerint,
297 2821 412 2900 uliquot
432 2842 465 2881 se
488 2823 598 2900 legisse
618 2845 743 2900 versus,
765 2847 841 2907 quos
855 2847 954 2908 neque
968 2823 1113 2883 memoris
1129 2820 1187 2877 n'bi
1200 2820 1235 2875 in

137 2925 304 2999 poetam,
325 2940 402 3001 quoe
412 2924 550 2982 classicos
562 2932 714 3000 recensus,
732 2929 816 2985 libris
826 2927 1012 2997 indicarunt,
1027 2940 1126 3001 neque
1137 2936 1233 2998 quae-

137 3019 230 3081 rendo
243 3022 407 3081 invenerit:
429 3035 560 3089 ceterum
569 3047 612 3101 se,
626 3038 749 3106 propter
761 3026 946 3085 debilitatam
959 3024 1114 3082 oculorum
1124 3019 1231 3094 eden,

136 3123 174 3181 ab
189 3127 370 3185 accuratiore
383 3129 574 3209 inquiritioue
595 3129 742 3187 abstinere
760 3126 917 3186 debuisse:
939 3143 1007 3184 eam
1020 3141 1054 3179 se
1068 3124 1178 3199 cupere
1190 3120 1231 3179 ab

136 3225 238 3306 aliquo
256 3229 389 3302 uentu,
408 3232 457 3289 cui
473 3240 504 3287 et
517 3232 727 3293 visarsdirnaior
744 3236 776 3290 et
793 3248 866 3288 usus
884 3222 1106 3286 tractandarum
1121 3219 1231 3279 deleti-

137 3329 250 3389 ciamm
261 3332 502 3393 mesnlucnamut
514 3336 563 3391 sit.

219 3431 314 3509 Igitur
333 3452 396 3493 laon
415 3432 596 3497 concedente
612 3438 711 3496 solum
730 3434 784 3496 sed
804 3434 941 3494 horunc
961 3440 1050 3512 atque
1067 3426 1231 3511 plaudmte

135 3538 256 3615 egregio
270 3538 423 3616 uroopns
437 3554 594 3617 aggressus
609 3557 697 3597 mm:
719 3558 783 3596 rem
796 3540 933 3618 planeut
946 3530 1233 3614 ipsemihttndtus

133 3647 219 3695 reret
229 3639 341 3712 inveni,
357 3658 393 3697 aa
405 3641 518 3701 scilicet
531 3656 611 3721 quae
622 3637 672 3698 bis
681 3640 810 3719 pogoffis
823 3640 1010 3701 centisimus
1018 3634 1135 3696 inedita
1144 3636 1230 3708 essa}

133 3737 256 3819 legique
274 3738 422 3801 redivivas
441 3744 571 3819 litteras,
592 3753 628 3801 ut
637 3745 671 3801 iu
682 3741 741 3802 boc
753 3745 873 3821 negotio
890 3741 1009 3800 evenire
1022 3739 1117 3812 solet,
1137 3734 1229 3795 modo

134 3843 199 3899 sine
209 3844 272 3902 ullo
286 3844 405 3918 labore,
427 3843 520 3904 ruodo
536 3846 626 3904 enixa
639 3848 794 3906 oculorum
807 3846 960 3925 animique
973 3842 1161 3900 contentione
1176 3858 1229 3896 ae·

36 3970 63 4026 p.
79 3954 119 4010 vl
134 3945 263 4023 gerrime
277 3936 436 4004 ‘assecutus
459 3945 600 4008 evanidos
621 3947 744 4023 ductans,
769 3949 861 4006 erasis
879 3966 955 4028 quae
971 3942 1119 4004 abluendo
1135 3940 1229 4001 deleri

132 4066 194 4106 nou
211 4056 387 4126 potuerant:
421 4048 585 4126 nonnulla,
615 4061 683 4130 post
701 4050 884 4129 multiplices
905 4057 1043 4123 conatus,
1074 4044 1229 4125 desparata

132 4149 251 4230 reliqui.
291 4168 398 4209 verum
417 4146 455 4208 de
479 4148 616 4211 codicum
630 4155 842 4233 rescriptorum
857 4152 990 4225 ratione,
1012 4147 1051 4208 de
1066 4168 1127 4231 qua
1139 4165 1228 4224 saepe

132 4258 220 4332 etque
232 4271 302 4311 cum
316 4270 385 4312 cura
400 4249 545 4312 traditum
558 4263 619 4331 est,
640 4255 728 4334 plura
744 4253 843 4314 dicere
856 4251 935 4313 nibil
947 4253 1065 4312 attinet.
