2750 4625
169 313 245 386 400
488 309 633 382 Nom
656 312 704 382 IN
727 311 893 381 LIBRUM
916 309 950 380 ll

169 500 241 541 nem
256 480 348 544 liet
367 473 577 559 Philippides,
598 478 632 537 ln
648 497 766 538 mmma
781 489 812 539 et
825 476 1083 538 miserabilissime
1103 478 1205 537 lame:
1225 482 1281 538 νὶ-

168 568 365 626 ds'muas'nw
386 563 909 645 eosquemlom‚mr'retub12evisu,
931 562 1281 644 qutmsumpmbae

169 652 273 712 adhuc
286 661 411 730 portate
431 653 585 709 murnum.
639 652 700 709 nisi
719 651 763 709 ibi
786 661 888 709 tamen
910 650 1019 708 melior
1039 650 1164 728 vulgata
1183 651 1280 709 leetic

169 757 284 798 coram:
306 756 373 794 core
387 737 469 794 enim
482 738 695 816 interpretatur
710 737 864 795 calvitium
879 739 944 795 sire
956 736 1102 808 nivaria,
1124 746 1160 793 ut
1170 736 1280 794 scribit

169 827 203 882 iu
221 823 372 901 lanugine
391 822 606 902 glossariorum
623 823 743 901 Papias.
765 824 891 880 Basra.
934 830 1014 879 recte
1037 821 1173 899 explicat
1197 823 1278 880 Rui-

170 911 252 982 aias3
282 906 390 988 quibus
408 903 486 965 adda
506 899 582 966 haec
603 927 644 965 ex
663 908 744 965 Festi
767 904 953 966 decurtatore
978 906 1103 965 Paullo:
1125 917 1220 985 caprst
1238 927 1277 964 ea

175 994 291 1053 Graeco
316 991 454 1062 dictem,
483 992 566 1073 prscd
593 991 644 1049 itti
668 992 820 1050 interum
843 986 923 1072 sdpc
943 991 1058 1050 dicum.
1104 994 1149 1051 sio
1173 995 1276 1072 ‘tle‘

170 1076 353 1138 Graecorum
365 1076 446 1158 apud
461 1079 585 1136 Latinos
598 1080 630 1135 in
645 1075 766 1136 schema
780 1079 932 1155 migrarit.
975 1078 1070 1135 Rrrr.

251 1161 326 1228 415.
369 1162 510 1244 vinculo]
530 1182 609 1243 pene
628 1173 693 1220 erat
714 1173 749 1222 ut
767 1160 849 1221 hunc
866 1164 968 1222 locum
981 1159 1019 1221 de
1033 1161 1273 1220 manumissione

170 1253 380 1328 interpretatus
392 1247 532 1307 fuissem:
554 1248 687 1307 solemne
702 1251 784 1306 enim
795 1257 863 1328 post
876 1266 1003 1307 munera
1014 1249 1111 1327 prima
1121 1265 1272 1305 uovorum

169 1335 329 1394 consulum
351 1353 452 1393 servos
472 1336 699 1408 manumittere,
721 1332 803 1413 quod
822 1334 974 1392 fusissime
992 1351 1010 1391 a
1028 1351 1079 1391 me
1097 1330 1213 1390 dictum
1229 1328 1272 1389 ad

167 1417 246 1479 illud
265 1413 423 1478 claudiani
444 1416 482 1477 de
504 1420 623 1486 lllou.
643 1419 817 1478 consulatu:
838 1418 999 1477 mmm
1019 1417 1137 1476 vissdtcs
1157 1436 1270 1474 morsm

168 1505 216 1563 lex
233 1503 375 1575 celebrat,
387 1503 590 1584 famulamque
605 1505 677 1585 firgo
692 1504 814 1562 hauan
827 1503 918 1562 her-als·
933 1504 1064 1562 duem
1110 1500 1193 1584 quod
1209 1499 1272 1560 huc

167 1586 314 1671 quadrare
334 1609 396 1648 non
417 1600 532 1669 potest:
555 1609 626 1648 nam
646 1600 676 1648 et
696 1599 806 1669 nuptae
823 1591 946 1649 maritos
959 1600 990 1648 et
1000 1599 1114 1647 matres
1128 1596 1215 1646 natos
1229 1587 1270 1645 ab

169 1693 205 1734 eo
228 1683 343 1753 petunt.
387 1694 457 1731 cura
479 1677 558 1732 inter
578 1694 679 1733 serrcs
701 1694 764 1733 non
781 1677 970 1734 matrimonia
989 1673 1045 1735 sed
1056 1676 1207 1733 consortia
1219 1692 1270 1731 es-

167 1769 249 1834 seut,
270 1754 380 1817 deinde
396 1755 517 1818 additur
530 1779 551 1816 a
564 1761 690 1817 cambra
702 1759 802 1818 solvr't.
846 1763 982 1840 suspicor
994 1780 1066 1840 ergo
1085 1761 1189 1818 solitos
1206 1760 1269 1816 im-

168 1853 336 1925 peratores,
358 1861 427 1901 cum
437 1846 640 1923 principatum
651 1845 778 1919 inirent,
800 1848 934 1925 captivos
947 1866 964 1903 e
976 1845 1143 1905 carceribus
1155 1844 1268 1902 libera·

169 1940 216 1988 tos
230 1926 396 2003 dimisisse,
417 1931 595 2008 praesertim
606 1947 680 2009 quos
693 1940 792 1989 matus
806 1932 940 1990 criminis
953 1928 1114 1993 detinebat.
1158 1926 1267 1990 Sidon.

167 2013 302 2094 Apollin.
316 2029 408 2071 carm.
423 2017 443 2077 2
459 2015 493 2072 in
505 2013 582 2073 fine:
605 2017 740 2095 mptr'vcs
760 2017 897 2075 vinctam
916 2036 1021 2090 nosos,
1041 2014 1163 2075 absolve
1180 2024 1269 2074 vetas·

167 2111 237 2159 etos.
282 2100 424 2159 Danaen.

252 2184 325 2248 417.
368 2195 423 2244 tua
433 2184 552 2265 gaudia
566 2185 736 2266 eleganter,
758 2188 845 2269 quasi
863 2205 941 2269 qnae
956 2196 991 2246 tu
1005 2183 1116 2246 mundo
1132 2185 1265 2259 canfen,

168 2269 224 2331 tibi
235 2268 347 2329 debita.
390 2267 572 2332 claudianus
586 2270 626 2332 ad
636 2274 818 2333 Honorlumt
840 2276 965 2354 risitque
977 2284 1028 2331 tuo
1039 2282 1149 2331 nutanu
1161 2289 1265 2329 serem

166 2536 212 2587 est
227 2508 364 2606 capitalis
378 2529 511 2587 criminis
523 2531 651 2607 gratim
664 2530 756 2588 alicui
769 2530 868 2589 iacere
880 2541 911 2590 et
921 2533 1017 2589 vitam
1031 2463 1156 2592 deneg
1181 2528 1263 2585 elul·

165 2605 238 2674 d'em
257 2629 377 2693 quoque
397 2622 443 2672 est
463 2616 618 2674 restituere
636 2614 769 2690 famam,
788 2617 947 2697 quaerite
962 2619 1130 2696 comparari
1145 2614 1222 2672 solet
1233 2620 1265 2670 at

165 2699 232 2779 peri
254 2716 325 2756 cum
350 2717 498 2777 espessa
518 2700 672 2759 ambulare
691 2699 811 2761 dicitur.
860 2699 930 2761 ride
950 2698 1085 2763 cassiod.
1106 2705 1127 2767 8
1148 2718 1213 2759 rar.
1232 2704 1264 2755 et

165 2784 282 2863 Symm.
298 2787 317 2846 8
335 2784 422 2862 epist.
463 2785 557 2848 Rrrr.

248 2865 322 2931 422·
364 2867 455 2949 dec]
490 2871 588 2949 prisca
610 2867 743 2931 adulatio
766 2880 797 2931 et
817 2869 923 2948 loeda,
953 2871 1009 2930 sub
1033 2867 1263 2948 imperatoribus

164 2962 252 3028 usta,
274 2970 326 3011 eos
339 2948 411 3013 deos
423 2972 530 3014 vocare
545 2953 715 3037 divinisque
731 2955 849 3015 afficere
862 2955 1034 3028 honoribus,
1057 2970 1132 3033 quos
1144 2953 1201 3010 vix
1211 2955 1263 3010 in-

164 3040 268 3098 venies
289 3034 349 3120 (de
360 3040 468 3120 primis
478 3038 606 3121 loquor)
630 3043 682 3122 qui
696 3043 840 3100 reiecerit.
873 3038 951 3099 illud
961 3041 995 3098 ia
1011 3038 1185 3095 Domitiano
1199 3037 1262 3095 im·

164 3125 267 3204 piam,
296 3125 380 3203 quod
396 3123 728 3204 epistolamsomsulem
748 3126 867 3184 datam
886 3123 1047 3201 uespera,
1070 3123 1213 3182 dom
1233 3133 1262 3180 et

163 3207 582 3285 deuersoatersr'cfieris'udet.
626 3211 712 3270 Suet.
730 3214 779 3274 18.
821 3212 908 3267 Mart.
925 3209 1066 3267 omuibus
1080 3209 1260 3289 penepagi·

163 3295 227 3367 nis,
249 3292 407 3373 9ep.95,
428 3296 556 3374 Sep2.
598 3294 680 3375 6ep.
697 3297 734 3358 8:
757 3293 1255 3375 ediecmdonnmdeiquametri.

31 3444 35 3449 ¹
163 3374 246 3522 ffid
266 3380 343 3437 salse
363 3380 457 3459 carpit
475 3379 675 3443 luvenalislt
698 3378 1254 3460 oumbmdaturdis'saeqnapctestus.

186 3464 193 3479 '
225 3463 304 3521 imili
322 3473 458 3545 tempore
481 3462 638 3524 claudian.
660 3462 701 3523 sd
723 3468 836 3524 llouor.
857 3468 938 3546 Aug.
955 3466 1082 3545 praefat.
1098 3462 1134 3523 de
1148 3467 1168 3528 3
1182 3482 1256 3522 con-

161 3547 281 3607 sulatu:
302 3549 586 3632 audetmugncsuo
600 3550 905 3610 mammaeae.
950 3552 1023 3611 Seu.
1044 3548 1082 3611 de
1101 3548 1256 3630 tranquill.

163 3629 220 3694 14:
244 3632 1257 3717 tssnmhuirsqssotlsesarideoncstrufisbutquotsfflarswn·

161 3736 257 3775 ctum·
302 3718 396 3777 simili
408 3720 501 3782 modo
513 3725 617 3782 Horat.
632 3720 653 3785 4
675 3722 717 3789 15
738 3721 776 3781 de
788 3724 941 3802 Augusto:
959 3724 1087 3802 strigon
1099 3731 1197 3780 ησσον
1207 3739 1257 3776 re·

162 3803 261 3860 stituit
271 3801 348 3860 Iovi·
394 3823 460 3864 aras
475 3809 572 3884 enim,
593 3809 724 3887 templa,
747 3809 883 3868 tamnes
895 3805 1048 3868 mestun
1061 3810 1256 3886 imperatores

161 3888 282 3947 monui.
303 3897 409 3946 nomm
419 3893 569 3953 omnibus.
584 3894 728 3954 Daarsr.
769 3892 855 3954 rides
869 3904 1052 3976 quantopere
1063 3894 1156 3953 etiam
1165 3888 1255 3950 (thri-

161 3975 267 4034 stianis
290 3975 475 4055 principibus
496 3978 593 4037 deitas
607 3978 665 4037 illu
677 3978 815 4039 affectata
827 3982 968 4040 arriserit.
1010 3999 1073 4038 uon
1088 3976 1179 4037 audet
1194 3977 1256 4035 (lc-

161 4061 265 4139 rippus
283 4070 386 4139 aperte
407 4058 500 4121 deum
518 4060 618 4122 dicere
640 4065 808 4140 lustinum,
832 4067 903 4146 quia
922 4062 1091 4124 Christiana
1103 4064 1158 4124 lex
1171 4059 1254 4121 aliud

161 4142 324 4203 suadebat:
345 4165 407 4206 nou
424 4146 516 4209 audet
535 4149 685 4210 abstinere
696 4149 735 4208 ab
748 4151 887 4210 omnibus
902 4147 972 4210 dato
987 4147 1112 4210 honore.
1153 4149 1254 4229 itaque

161 4236 192 4283 et
205 4241 292 4288 vocat
308 4229 399 4291 deum
414 4242 445 4292 et
460 4253 493 4294 se
509 4232 699 4295 christianae
719 4235 781 4316 legi
799 4245 935 4296 excusat.
976 4238 1021 4295 sio
1039 4238 1073 4294 in
1091 4234 1255 4293 Iuau'us'anr'

160 4315 1251 4419 'Wfflhilaisidiriusomnimpmnissanctmomniasaore
