<?xml version="1.0" encoding="UTF-8"?>
<!DOCTYPE html PUBLIC "-//W3C//DTD XHTML 1.0 Transitional//EN"
    "http://www.w3.org/TR/xhtml1/DTD/xhtml1-transitional.dtd">
<html xmlns="http://www.w3.org/1999/xhtml" xml:lang="en" lang="en">
 <head>
  <title>
</title>
<meta http-equiv="Content-Type" content="text/html;charset=utf-8" />
  <meta name='ocr-system' content='tesseract 3.04.00' />
  <meta name='ocr-capabilities' content='ocr_page ocr_carea ocr_par ocr_line ocrx_word'/>
</head>
<body>
  <div class='ocr_page' id='page_1' title='image "./merobaudesetcor00corigoog_0416.png"; bbox 0 0 2750 4625; ppageno 0'>
   <div class='ocr_carea' id='block_1_1' title="bbox 168 260 934 361">
    <p class='ocr_par' dir='ltr' id='par_1_1' title="bbox 168 260 934 361">
     <span class='ocr_line' id='line_1_1' title="bbox 168 260 934 361; baseline -0.017 -1"><span class='ocrx_word' id='word_1_1' title='bbox 168 260 243 361; x_wconf 75' lang='lat' dir='ltr'><strong>sis</strong></span> <span class='ocrx_word' id='word_1_2' title='bbox 321 284 326 291; x_wconf 91' lang='lat'>·</span> <span class='ocrx_word' id='word_1_3' title='bbox 484 282 636 353; x_wconf 79' lang='lat' dir='ltr'><strong>nona</strong></span> <span class='ocrx_word' id='word_1_4' title='bbox 658 280 705 350; x_wconf 81' lang='lat' dir='ltr'><strong>ru</strong></span> <span class='ocrx_word' id='word_1_5' title='bbox 728 277 934 350; x_wconf 80' lang='lat' dir='ltr'><strong>masur</strong></span> 
     </span>
    </p>
   </div>
   <div class='ocr_carea' id='block_1_2' title="bbox 165 443 1282 2660">
    <p class='ocr_par' dir='ltr' id='par_1_2' title="bbox 165 443 1275 873">
     <span class='ocr_line' id='line_1_2' title="bbox 169 443 1272 535; baseline -0.015 -20"><span class='ocrx_word' id='word_1_6' title='bbox 169 458 283 535; x_wconf 77' lang='lat' dir='ltr'><strong>cietque</strong></span> <span class='ocrx_word' id='word_1_7' title='bbox 299 452 369 531; x_wconf 81' lang='lat' dir='ltr'><strong>lega</strong></span> <span class='ocrx_word' id='word_1_8' title='bbox 385 450 568 532; x_wconf 75' lang='lat' dir='ltr'><strong>affligetque.</strong></span> <span class='ocrx_word' id='word_1_9' title='bbox 598 450 795 511; x_wconf 66' lang='lat' dir='ltr'><strong>rufinianus</strong></span> <span class='ocrx_word' id='word_1_10' title='bbox 809 451 948 509; x_wconf 73' lang='lat' dir='ltr'><strong>Prooenu</strong></span> <span class='ocrx_word' id='word_1_11' title='bbox 963 446 1057 506; x_wconf 86' lang='lat' dir='ltr'><strong>instit.</strong></span> <span class='ocrx_word' id='word_1_12' title='bbox 1068 443 1184 525; x_wconf 73' lang='lat' dir='ltr'><strong>prino:</strong></span> <span class='ocrx_word' id='word_1_13' title='bbox 1205 443 1272 501; x_wconf 82' lang='lat' dir='ltr'><strong>im-</strong></span> 
     </span>
     <span class='ocr_line' id='line_1_3' title="bbox 165 528 1272 620; baseline -0.014 -21"><span class='ocrx_word' id='word_1_14' title='bbox 165 540 349 620; x_wconf 71' lang='lat' dir='ltr'><strong>peratorum</strong></span> <span class='ocrx_word' id='word_1_15' title='bbox 375 537 559 595; x_wconf 62' lang='lat' dir='ltr'><strong>marianum</strong></span> <span class='ocrx_word' id='word_1_16' title='bbox 583 556 645 595; x_wconf 77' lang='lat' dir='ltr'><strong>nors</strong></span> <span class='ocrx_word' id='word_1_17' title='bbox 667 536 767 593; x_wconf 71' lang='lat' dir='ltr'><strong>mum</strong></span> <span class='ocrx_word' id='word_1_18' title='bbox 790 536 886 593; x_wconf 73' lang='lat' dir='ltr'><strong>armis</strong></span> <span class='ocrx_word' id='word_1_19' title='bbox 911 534 1083 592; x_wconf 71' lang='lat' dir='ltr'><strong>dammim</strong></span> <span class='ocrx_word' id='word_1_20' title='bbox 1101 528 1272 587; x_wconf 80' lang='lat' dir='ltr'><strong>sedetiam</strong></span> 
     </span>
     <span class='ocr_line' id='line_1_4' title="bbox 168 615 1272 699; baseline -0.014 -14"><span class='ocrx_word' id='word_1_21' title='bbox 168 624 337 685; x_wconf 77' lang='lat' dir='ltr'><strong>LEGIBUS</strong></span> <span class='ocrx_word' id='word_1_22' title='bbox 352 632 464 699; x_wconf 81' lang='lat' dir='ltr'><strong>oportet</strong></span> <span class='ocrx_word' id='word_1_23' title='bbox 475 641 536 680; x_wconf 83' lang='lat' dir='ltr'><strong>esse</strong></span> <span class='ocrx_word' id='word_1_24' title='bbox 548 622 761 681; x_wconf 78' lang='lat' dir='ltr'><strong>ARMATAM.</strong></span> <span class='ocrx_word' id='word_1_25' title='bbox 782 640 855 679; x_wconf 87' lang='lat' dir='ltr'><strong>sana</strong></span> <span class='ocrx_word' id='word_1_26' title='bbox 871 630 900 678; x_wconf 91' lang='lat' dir='ltr'><strong>et</strong></span> <span class='ocrx_word' id='word_1_27' title='bbox 912 630 1013 678; x_wconf 89' lang='lat' dir='ltr'><strong>noster</strong></span> <span class='ocrx_word' id='word_1_28' title='bbox 1026 635 1115 677; x_wconf 81' lang='lat' dir='ltr'><strong>versu</strong></span> <span class='ocrx_word' id='word_1_29' title='bbox 1127 615 1272 694; x_wconf 73' lang='lat' dir='ltr'>sequenti</span> 
     </span>
     <span class='ocr_line' id='line_1_5' title="bbox 169 702 1275 786; baseline -0.011 -17"><span class='ocrx_word' id='word_1_30' title='bbox 169 709 270 770; x_wconf 88' lang='lat' dir='ltr'><strong>addit:</strong></span> <span class='ocrx_word' id='word_1_31' title='bbox 300 705 432 766; x_wconf 76' lang='lat' dir='ltr'><strong>barbam</strong></span> <span class='ocrx_word' id='word_1_32' title='bbox 445 709 601 765; x_wconf 76' lang='lat' dir='ltr'><strong>Romnae</strong></span> <span class='ocrx_word' id='word_1_33' title='bbox 623 705 780 786; x_wconf 75' lang='lat' dir='ltr'><strong>augebunt</strong></span> <span class='ocrx_word' id='word_1_34' title='bbox 801 704 882 763; x_wconf 79' lang='lat' dir='ltr'><strong>bellu</strong></span> <span class='ocrx_word' id='word_1_35' title='bbox 901 702 1080 782; x_wconf 73' lang='lat' dir='ltr'><strong>treismpbos,</strong></span> <span class='ocrx_word' id='word_1_36' title='bbox 1114 718 1275 781; x_wconf 76' lang='lat' dir='ltr'><strong>regnaque</strong></span> 
     </span>
     <span class='ocr_line' id='line_1_6' title="bbox 169 792 952 873; baseline -0.01 -17"><span class='ocrx_word' id='word_1_37' title='bbox 169 795 225 855; x_wconf 81' lang='lat' dir='ltr'><strong>srsb</strong></span> <span class='ocrx_word' id='word_1_38' title='bbox 238 795 342 855; x_wconf 70' lang='lat' dir='ltr'><strong>mois</strong></span> <span class='ocrx_word' id='word_1_39' title='bbox 354 793 647 873; x_wconf 72' lang='lat' dir='ltr'><strong>emientsortissinm</strong></span> <span class='ocrx_word' id='word_1_40' title='bbox 657 792 785 869; x_wconf 70' lang='lat' dir='ltr'><strong>ploratis.</strong></span> <span class='ocrx_word' id='word_1_41' title='bbox 829 793 952 851; x_wconf 69' lang='lat' dir='ltr'><strong>Vonon-</strong></span> 
     </span>
    </p>

    <p class='ocr_par' dir='ltr' id='par_1_3' title="bbox 169 868 1275 1196">
     <span class='ocr_line' id='line_1_7' title="bbox 253 868 1275 958; baseline -0.014 -18"><span class='ocrx_word' id='word_1_42' title='bbox 253 883 306 943; x_wconf 86' lang='grc'><strong>61.</strong></span> <span class='ocrx_word' id='word_1_43' title='bbox 349 879 429 935; x_wconf 69' lang='lat' dir='ltr'><strong>ebus</strong></span> <span class='ocrx_word' id='word_1_44' title='bbox 441 878 543 958; x_wconf 73' lang='lat' dir='ltr'><strong>tagum</strong></span> <span class='ocrx_word' id='word_1_45' title='bbox 555 879 683 957; x_wconf 77' lang='lat' dir='ltr'><strong>iniquos]</strong></span> <span class='ocrx_word' id='word_1_46' title='bbox 706 876 844 935; x_wconf 89' lang='lat' dir='ltr'><strong>similiter</strong></span> <span class='ocrx_word' id='word_1_47' title='bbox 855 877 901 933; x_wconf 88' lang='lat' dir='ltr'><strong>illi</strong></span> <span class='ocrx_word' id='word_1_48' title='bbox 915 873 1039 945; x_wconf 75' lang='lat' dir='ltr'><strong>aliatum,</strong></span> <span class='ocrx_word' id='word_1_49' title='bbox 1061 871 1137 930; x_wconf 64' lang='lat' dir='ltr'><strong>uersis</strong></span> <span class='ocrx_word' id='word_1_50' title='bbox 1145 868 1275 949; x_wconf 61' lang='lat' dir='ltr'><strong>retegeb-</strong></span> 
     </span>
     <span class='ocr_line' id='line_1_8' title="bbox 170 953 1273 1049; baseline -0.013 -24"><span class='ocrx_word' id='word_1_51' title='bbox 170 987 222 1025; x_wconf 84' lang='lat' dir='ltr'><strong>sus</strong></span> <span class='ocrx_word' id='word_1_52' title='bbox 232 964 283 1024; x_wconf 83' lang='lat' dir='ltr'><strong>rel</strong></span> <span class='ocrx_word' id='word_1_53' title='bbox 296 963 549 1042; x_wconf 70' lang='lat' dir='ltr'><strong>religiosissimus,</strong></span> <span class='ocrx_word' id='word_1_54' title='bbox 579 981 654 1043; x_wconf 88' lang='lat' dir='ltr'><strong>quae</strong></span> <span class='ocrx_word' id='word_1_55' title='bbox 664 972 715 1049; x_wconf 72' lang='lat' dir='ltr'><strong>¹est</strong></span> <span class='ocrx_word' id='word_1_56' title='bbox 729 962 795 1021; x_wconf 87' lang='lat' dir='ltr'><strong>laus</strong></span> <span class='ocrx_word' id='word_1_57' title='bbox 806 961 995 1041; x_wconf 86' lang='lat' dir='ltr'><strong>imperatoris</strong></span> <span class='ocrx_word' id='word_1_58' title='bbox 1007 958 1101 1016; x_wconf 82' lang='lat' dir='ltr'><strong>Marci</strong></span> <span class='ocrx_word' id='word_1_59' title='bbox 1113 953 1194 1034; x_wconf 86' lang='lat' dir='ltr'><strong>apud</strong></span> <span class='ocrx_word' id='word_1_60' title='bbox 1207 957 1273 1013; x_wconf 88' lang='lat' dir='ltr'><strong>Pa-</strong></span> 
     </span>
     <span class='ocr_line' id='line_1_9' title="bbox 169 1044 1272 1131; baseline -0.01 -22"><span class='ocrx_word' id='word_1_61' title='bbox 169 1053 326 1131; x_wconf 87' lang='lat' dir='ltr'><strong>pinianum</strong></span> <span class='ocrx_word' id='word_1_62' title='bbox 341 1048 396 1107; x_wconf 88' lang='lat' dir='ltr'><strong>lib.</strong></span> <span class='ocrx_word' id='word_1_63' title='bbox 412 1051 453 1112; x_wconf 84' lang='grc'><strong>67</strong></span> <span class='ocrx_word' id='word_1_64' title='bbox 473 1044 491 1128; x_wconf 80' lang='lat'>§</span> <span class='ocrx_word' id='word_1_65' title='bbox 505 1050 562 1107; x_wconf 85' lang='lat' dir='ltr'><strong>ult.</strong></span> <span class='ocrx_word' id='word_1_66' title='bbox 577 1049 617 1107; x_wconf 87' lang='grc' dir='ltr'><strong>Ι).</strong></span> <span class='ocrx_word' id='word_1_67' title='bbox 633 1045 671 1107; x_wconf 87' lang='lat' dir='ltr'><strong>de</strong></span> <span class='ocrx_word' id='word_1_68' title='bbox 686 1048 779 1126; x_wconf 86' lang='lat' dir='ltr'><strong>legat.</strong></span> <span class='ocrx_word' id='word_1_69' title='bbox 792 1050 815 1111; x_wconf 80' lang='lat'>2</span> <span class='ocrx_word' id='word_1_70' title='bbox 833 1056 863 1106; x_wconf 87' lang='lat' dir='ltr'><strong>et</strong></span> <span class='ocrx_word' id='word_1_71' title='bbox 875 1048 1075 1106; x_wconf 81' lang='lat' dir='ltr'><strong>lastinianum</strong></span> <span class='ocrx_word' id='word_1_72' title='bbox 1086 1044 1120 1100; x_wconf 84' lang='lat' dir='ltr'><strong>in</strong></span> <span class='ocrx_word' id='word_1_73' title='bbox 1132 1059 1272 1122; x_wconf 85' lang='lat' dir='ltr'><strong>prooem.</strong></span> 
     </span>
     <span class='ocr_line' id='line_1_10' title="bbox 169 1137 436 1196; baseline -0.019 0"><span class='ocrx_word' id='word_1_74' title='bbox 169 1139 300 1196; x_wconf 87' lang='lat' dir='ltr'><strong>Institut.</strong></span> <span class='ocrx_word' id='word_1_75' title='bbox 342 1137 436 1192; x_wconf 84' lang='lat' dir='ltr'><strong>ltrrr.</strong></span> 
     </span>
    </p>

    <p class='ocr_par' dir='ltr' id='par_1_4' title="bbox 170 1210 1277 1957">
     <span class='ocr_line' id='line_1_11' title="bbox 254 1210 1274 1298; baseline -0.011 -21"><span class='ocrx_word' id='word_1_76' title='bbox 254 1217 297 1278; x_wconf 79' lang='lat' dir='ltr'><strong>ib.</strong></span> <span class='ocrx_word' id='word_1_77' title='bbox 342 1217 436 1298; x_wconf 70' lang='lat' dir='ltr'><strong>uuas]</strong></span> <span class='ocrx_word' id='word_1_78' title='bbox 457 1217 556 1297; x_wconf 77' lang='lat' dir='ltr'><strong>prison</strong></span> <span class='ocrx_word' id='word_1_79' title='bbox 568 1216 721 1296; x_wconf 85' lang='lat' dir='ltr'><strong>republioa</strong></span> <span class='ocrx_word' id='word_1_80' title='bbox 733 1216 766 1275; x_wconf 90' lang='lat' dir='ltr'><strong>in</strong></span> <span class='ocrx_word' id='word_1_81' title='bbox 781 1216 936 1296; x_wconf 85' lang='lat' dir='ltr'><strong>supplioiis</strong></span> <span class='ocrx_word' id='word_1_82' title='bbox 952 1210 1128 1294; x_wconf 72' lang='lat' dir='ltr'><strong>capitalibus</strong></span> <span class='ocrx_word' id='word_1_83' title='bbox 1140 1228 1202 1269; x_wconf 89' lang='lat' dir='ltr'><strong>non</strong></span> <span class='ocrx_word' id='word_1_84' title='bbox 1214 1228 1274 1267; x_wconf 90' lang='lat' dir='ltr'><strong>en-</strong></span> 
     </span>
     <span class='ocr_line' id='line_1_12' title="bbox 170 1297 1274 1382; baseline -0.01 -18"><span class='ocrx_word' id='word_1_85' title='bbox 170 1306 212 1366; x_wconf 89' lang='lat' dir='ltr'><strong>sis</strong></span> <span class='ocrx_word' id='word_1_86' title='bbox 231 1303 287 1365; x_wconf 89' lang='lat' dir='ltr'><strong>aed</strong></span> <span class='ocrx_word' id='word_1_87' title='bbox 304 1305 426 1362; x_wconf 86' lang='lat' dir='ltr'><strong>securis.</strong></span> <span class='ocrx_word' id='word_1_88' title='bbox 468 1302 526 1371; x_wconf 84' lang='lat' dir='ltr'><strong>sub</strong></span> <span class='ocrx_word' id='word_1_89' title='bbox 545 1302 776 1382; x_wconf 68' lang='lat' dir='ltr'><strong>imperatoribus</strong></span> <span class='ocrx_word' id='word_1_90' title='bbox 796 1300 915 1380; x_wconf 84' lang='lat' dir='ltr'><strong>gladius</strong></span> <span class='ocrx_word' id='word_1_91' title='bbox 934 1298 1132 1359; x_wconf 76' lang='lat' dir='ltr'><strong>introductus.</strong></span> <span class='ocrx_word' id='word_1_92' title='bbox 1176 1297 1274 1354; x_wconf 86' lang='lat' dir='ltr'><strong>critioi</strong></span> 
     </span>
     <span class='ocr_line' id='line_1_13' title="bbox 170 1382 1275 1450; baseline -0.011 0"><span class='ocrx_word' id='word_1_93' title='bbox 170 1410 276 1450; x_wconf 89' lang='lat' dir='ltr'><strong>omnes</strong></span> <span class='ocrx_word' id='word_1_94' title='bbox 287 1392 381 1448; x_wconf 78' lang='lat' dir='ltr'><strong>nostri</strong></span> <span class='ocrx_word' id='word_1_95' title='bbox 393 1388 469 1446; x_wconf 80' lang='lat' dir='ltr'><strong>aeri.</strong></span> <span class='ocrx_word' id='word_1_96' title='bbox 506 1386 663 1447; x_wconf 78' lang='lat' dir='ltr'><strong>Claudian.</strong></span> <span class='ocrx_word' id='word_1_97' title='bbox 679 1385 717 1446; x_wconf 92' lang='lat' dir='ltr'><strong>de</strong></span> <span class='ocrx_word' id='word_1_98' title='bbox 733 1388 814 1446; x_wconf 90' lang='lat' dir='ltr'><strong>bello</strong></span> <span class='ocrx_word' id='word_1_99' title='bbox 829 1385 970 1446; x_wconf 79' lang='lat' dir='ltr'><strong>Gildon.:</strong></span> <span class='ocrx_word' id='word_1_100' title='bbox 992 1387 1080 1442; x_wconf 81' lang='lat' dir='ltr'><strong>tertia</strong></span> <span class='ocrx_word' id='word_1_101' title='bbox 1095 1384 1159 1440; x_wconf 81' lang='lat' dir='ltr'><strong>iam</strong></span> <span class='ocrx_word' id='word_1_102' title='bbox 1173 1382 1275 1439; x_wconf 71' lang='grc' dir='ltr'><strong>οεννιζτ</strong></span> 
     </span>
     <span class='ocr_line' id='line_1_14' title="bbox 171 1464 1275 1548; baseline -0.012 -13"><span class='ocrx_word' id='word_1_103' title='bbox 171 1475 257 1535; x_wconf 76' lang='lat' dir='ltr'><strong>solito</strong></span> <span class='ocrx_word' id='word_1_104' title='bbox 270 1494 410 1533; x_wconf 78' lang='lat' dir='ltr'><strong>mucrone</strong></span> <span class='ocrx_word' id='word_1_105' title='bbox 422 1482 543 1531; x_wconf 81' lang='lat' dir='ltr'><strong>rotetur.</strong></span> <span class='ocrx_word' id='word_1_106' title='bbox 589 1483 619 1532; x_wconf 86' lang='lat' dir='ltr'><strong>et</strong></span> <span class='ocrx_word' id='word_1_107' title='bbox 641 1470 680 1532; x_wconf 87' lang='lat' dir='ltr'><strong>de</strong></span> <span class='ocrx_word' id='word_1_108' title='bbox 706 1471 727 1535; x_wconf 82' lang='grc'>4</span> <span class='ocrx_word' id='word_1_109' title='bbox 741 1475 853 1531; x_wconf 86' lang='lat' dir='ltr'><strong>llonor.</strong></span> <span class='ocrx_word' id='word_1_110' title='bbox 869 1472 1043 1530; x_wconf 88' lang='lat' dir='ltr'><strong>oonsulatu:</strong></span> <span class='ocrx_word' id='word_1_111' title='bbox 1064 1466 1183 1548; x_wconf 70' lang='lat' dir='ltr'><strong>gladiis</strong></span> <span class='ocrx_word' id='word_1_112' title='bbox 1197 1464 1275 1523; x_wconf 80' lang='lat' dir='ltr'><strong>sub-</strong></span> 
     </span>
     <span class='ocr_line' id='line_1_15' title="bbox 171 1552 1277 1637; baseline -0.008 -19"><span class='ocrx_word' id='word_1_113' title='bbox 171 1558 388 1618; x_wconf 67' lang='lat' dir='ltr'><strong>munientia</strong></span> <span class='ocrx_word' id='word_1_114' title='bbox 399 1560 529 1636; x_wconf 56' lang='lat' dir='ltr'><strong>paruae</strong></span> <span class='ocrx_word' id='word_1_115' title='bbox 575 1568 605 1616; x_wconf 91' lang='lat' dir='ltr'><strong>et</strong></span> <span class='ocrx_word' id='word_1_116' title='bbox 618 1567 687 1637; x_wconf 88' lang='lat' dir='ltr'><strong>post</strong></span> <span class='ocrx_word' id='word_1_117' title='bbox 704 1555 812 1616; x_wconf 83' lang='lat' dir='ltr'><strong>eoalem</strong></span> <span class='ocrx_word' id='word_1_118' title='bbox 823 1559 1027 1637; x_wconf 74' lang='lat' dir='ltr'><strong>Panegyrico:</strong></span> <span class='ocrx_word' id='word_1_119' title='bbox 1059 1575 1120 1612; x_wconf 82' lang='lat' dir='ltr'><strong>nors</strong></span> <span class='ocrx_word' id='word_1_120' title='bbox 1137 1552 1277 1610; x_wconf 57' lang='lat' dir='ltr'><strong>hammes</strong></span> 
     </span>
     <span class='ocr_line' id='line_1_16' title="bbox 171 1639 1276 1717; baseline -0.008 -15"><span class='ocrx_word' id='word_1_121' title='bbox 171 1646 260 1702; x_wconf 79' lang='lat' dir='ltr'><strong>eruis.</strong></span> <span class='ocrx_word' id='word_1_122' title='bbox 305 1655 335 1701; x_wconf 88' lang='lat' dir='ltr'><strong>et</strong></span> <span class='ocrx_word' id='word_1_123' title='bbox 349 1643 505 1701; x_wconf 85' lang='lat' dir='ltr'><strong>inilrrffin.</strong></span> <span class='ocrx_word' id='word_1_124' title='bbox 522 1646 556 1717; x_wconf 85' lang='lat'><strong>1,</strong></span> <span class='ocrx_word' id='word_1_125' title='bbox 578 1644 630 1701; x_wconf 90' lang='lat' dir='ltr'><strong>ubi</strong></span> <span class='ocrx_word' id='word_1_126' title='bbox 650 1644 746 1701; x_wconf 85' lang='lat' dir='ltr'><strong>multa</strong></span> <span class='ocrx_word' id='word_1_127' title='bbox 763 1640 841 1701; x_wconf 90' lang='lat' dir='ltr'><strong>mibi</strong></span> <span class='ocrx_word' id='word_1_128' title='bbox 856 1641 935 1701; x_wconf 83' lang='lat' dir='ltr'><strong>diota</strong></span> <span class='ocrx_word' id='word_1_129' title='bbox 953 1661 994 1699; x_wconf 87' lang='lat' dir='ltr'><strong>ex</strong></span> <span class='ocrx_word' id='word_1_130' title='bbox 1006 1643 1045 1701; x_wconf 82' lang='lat'><strong>10</strong></span> <span class='ocrx_word' id='word_1_131' title='bbox 1065 1650 1095 1699; x_wconf 88' lang='lat' dir='ltr'><strong>et</strong></span> <span class='ocrx_word' id='word_1_132' title='bbox 1110 1639 1196 1696; x_wconf 77' lang='lat' dir='ltr'><strong>aliiae</strong></span> <span class='ocrx_word' id='word_1_133' title='bbox 1215 1656 1276 1715; x_wconf 83' lang='lat' dir='ltr'><strong>pro</strong></span> 
     </span>
     <span class='ocr_line' id='line_1_17' title="bbox 171 1724 1276 1806; baseline -0.007 -19"><span class='ocrx_word' id='word_1_134' title='bbox 171 1730 288 1787; x_wconf 73' lang='lat' dir='ltr'><strong>saevior</strong></span> <span class='ocrx_word' id='word_1_135' title='bbox 304 1748 370 1785; x_wconf 78' lang='lat' dir='ltr'><strong>erese</strong></span> <span class='ocrx_word' id='word_1_136' title='bbox 384 1728 535 1805; x_wconf 75' lang='lat' dir='ltr'><strong>parcendi</strong></span> <span class='ocrx_word' id='word_1_137' title='bbox 552 1727 659 1784; x_wconf 60' lang='lat' dir='ltr'><strong>rubeas.</strong></span> <span class='ocrx_word' id='word_1_138' title='bbox 696 1729 839 1788; x_wconf 73' lang='lat' dir='ltr'><strong>Drurs&#39;r.</strong></span> <span class='ocrx_word' id='word_1_139' title='bbox 882 1725 991 1786; x_wconf 86' lang='lat' dir='ltr'><strong>alludit</strong></span> <span class='ocrx_word' id='word_1_140' title='bbox 1018 1746 1054 1785; x_wconf 90' lang='lat' dir='ltr'><strong>ea</strong></span> <span class='ocrx_word' id='word_1_141' title='bbox 1077 1744 1156 1806; x_wconf 87' lang='lat' dir='ltr'><strong>quae</strong></span> <span class='ocrx_word' id='word_1_142' title='bbox 1182 1724 1276 1780; x_wconf 86' lang='lat' dir='ltr'><strong>latius</strong></span> 
     </span>
     <span class='ocr_line' id='line_1_18' title="bbox 172 1810 1276 1893; baseline -0.005 -23"><span class='ocrx_word' id='word_1_143' title='bbox 172 1815 256 1892; x_wconf 82' lang='lat' dir='ltr'><strong>leges</strong></span> <span class='ocrx_word' id='word_1_144' title='bbox 275 1810 297 1875; x_wconf 78' lang='grc'>1</span> <span class='ocrx_word' id='word_1_145' title='bbox 315 1812 372 1888; x_wconf 76' lang='grc'><strong>48,</strong></span> <span class='ocrx_word' id='word_1_146' title='bbox 401 1822 432 1869; x_wconf 89' lang='lat' dir='ltr'><strong>et</strong></span> <span class='ocrx_word' id='word_1_147' title='bbox 454 1830 532 1892; x_wconf 87' lang='lat' dir='ltr'><strong>quae</strong></span> <span class='ocrx_word' id='word_1_148' title='bbox 551 1810 688 1892; x_wconf 86' lang='lat' dir='ltr'><strong>pluribus</strong></span> <span class='ocrx_word' id='word_1_149' title='bbox 710 1832 862 1893; x_wconf 86' lang='lat' dir='ltr'><strong>exponere</strong></span> <span class='ocrx_word' id='word_1_150' title='bbox 887 1811 990 1873; x_wconf 87' lang='lat' dir='ltr'><strong>studui</strong></span> <span class='ocrx_word' id='word_1_151' title='bbox 1015 1814 1049 1871; x_wconf 88' lang='lat' dir='ltr'><strong>in</strong></span> <span class='ocrx_word' id='word_1_152' title='bbox 1071 1810 1276 1869; x_wconf 73' lang='lat' dir='ltr'><strong>praefatione.</strong></span> 
     </span>
     <span class='ocr_line' id='line_1_19' title="bbox 172 1900 272 1957; baseline 0.02 -2"><span class='ocrx_word' id='word_1_153' title='bbox 172 1900 272 1957; x_wconf 81' lang='lat' dir='ltr'><strong>Fons.</strong></span> 
     </span>
    </p>

    <p class='ocr_par' dir='ltr' id='par_1_5' title="bbox 174 1979 1276 2146">
     <span class='ocr_line' id='line_1_20' title="bbox 226 1979 1276 2125; baseline 0.001 -89"><span class='ocrx_word' id='word_1_154' title='bbox 226 1983 312 2125; x_wconf 67' lang='lat' dir='ltr'><strong>bes.</strong></span> <span class='ocrx_word' id='word_1_155' title='bbox 353 1980 455 2059; x_wconf 74' lang='lat' dir='ltr'><strong>virgo]</strong></span> <span class='ocrx_word' id='word_1_156' title='bbox 477 1980 590 2058; x_wconf 82' lang='lat' dir='ltr'><strong>pietas:</strong></span> <span class='ocrx_word' id='word_1_157' title='bbox 611 1998 684 2040; x_wconf 87' lang='lat' dir='ltr'><strong>nam</strong></span> <span class='ocrx_word' id='word_1_158' title='bbox 704 1979 787 2061; x_wconf 88' lang='lat' dir='ltr'><strong>quod</strong></span> <span class='ocrx_word' id='word_1_159' title='bbox 800 1984 928 2042; x_wconf 80' lang='lat' dir='ltr'><strong>Mariam</strong></span> <span class='ocrx_word' id='word_1_160' title='bbox 944 1979 1180 2063; x_wconf 79' lang='lat' dir='ltr'><strong>adscripserant,</strong></span> <span class='ocrx_word' id='word_1_161' title='bbox 1210 1998 1276 2038; x_wconf 91' lang='lat' dir='ltr'><strong>non</strong></span> 
     </span>
     <span class='ocr_line' id='line_1_21' title="bbox 174 2066 417 2146; baseline -0.016 -20"><span class='ocrx_word' id='word_1_162' title='bbox 174 2087 227 2146; x_wconf 93' lang='lat' dir='ltr'><strong>pro</strong></span> <span class='ocrx_word' id='word_1_163' title='bbox 249 2087 279 2126; x_wconf 87' lang='lat' dir='ltr'><strong>o.</strong></span> <span class='ocrx_word' id='word_1_164' title='bbox 322 2066 417 2124; x_wconf 79' lang='lat' dir='ltr'><strong>lirrr.</strong></span> 
     </span>
    </p>

    <p class='ocr_par' dir='ltr' id='par_1_6' title="bbox 258 2148 840 2229">
     <span class='ocr_line' id='line_1_22' title="bbox 258 2148 840 2229; baseline -0.005 -16"><span class='ocrx_word' id='word_1_165' title='bbox 258 2153 313 2217; x_wconf 77' lang='lat'><strong>68.</strong></span> <span class='ocrx_word' id='word_1_166' title='bbox 350 2148 464 2229; x_wconf 82' lang='lat' dir='ltr'><strong>pulsu]</strong></span> <span class='ocrx_word' id='word_1_167' title='bbox 486 2149 555 2228; x_wconf 83' lang='lat' dir='ltr'><strong>lege</strong></span> <span class='ocrx_word' id='word_1_168' title='bbox 572 2167 675 2228; x_wconf 89' lang='lat' dir='ltr'><strong>passu.</strong></span> <span class='ocrx_word' id='word_1_169' title='bbox 718 2150 840 2213; x_wconf 66' lang='lat' dir='ltr'><strong>voror.</strong></span> 
     </span>
    </p>

    <p class='ocr_par' dir='ltr' id='par_1_7' title="bbox 176 2232 1282 2660">
     <span class='ocr_line' id='line_1_23' title="bbox 259 2232 1277 2317; baseline -0.006 -21"><span class='ocrx_word' id='word_1_170' title='bbox 259 2236 312 2299; x_wconf 84' lang='lat'><strong>69.</strong></span> <span class='ocrx_word' id='word_1_171' title='bbox 334 2255 404 2293; x_wconf 86' lang='lat' dir='ltr'><strong>eum</strong></span> <span class='ocrx_word' id='word_1_172' title='bbox 416 2232 456 2293; x_wconf 89' lang='lat' dir='ltr'><strong>ad</strong></span> <span class='ocrx_word' id='word_1_173' title='bbox 469 2234 559 2292; x_wconf 89' lang='lat' dir='ltr'><strong>finem</strong></span> <span class='ocrx_word' id='word_1_174' title='bbox 571 2233 662 2294; x_wconf 89' lang='lat' dir='ltr'><strong>huius</strong></span> <span class='ocrx_word' id='word_1_175' title='bbox 678 2254 781 2295; x_wconf 83' lang='lat' dir='ltr'><strong>versus</strong></span> <span class='ocrx_word' id='word_1_176' title='bbox 799 2236 974 2317; x_wconf 81' lang='lat' dir='ltr'><strong>imperfecta</strong></span> <span class='ocrx_word' id='word_1_177' title='bbox 989 2254 1043 2295; x_wconf 82' lang='lat' dir='ltr'><strong>ene</strong></span> <span class='ocrx_word' id='word_1_178' title='bbox 1056 2245 1172 2297; x_wconf 86' lang='lat' dir='ltr'><strong>tantum</strong></span> <span class='ocrx_word' id='word_1_179' title='bbox 1186 2234 1277 2313; x_wconf 85' lang='lat' dir='ltr'><strong>lege-</strong></span> 
     </span>
     <span class='ocr_line' id='line_1_24' title="bbox 176 2322 1278 2403; baseline -0.004 -21"><span class='ocrx_word' id='word_1_180' title='bbox 176 2332 257 2382; x_wconf 89' lang='lat' dir='ltr'><strong>retur</strong></span> <span class='ocrx_word' id='word_1_181' title='bbox 270 2322 303 2378; x_wconf 87' lang='lat' dir='ltr'><strong>in</strong></span> <span class='ocrx_word' id='word_1_182' title='bbox 317 2340 381 2396; x_wconf 88' lang='lat' dir='ltr'><strong>ms,</strong></span> <span class='ocrx_word' id='word_1_183' title='bbox 409 2341 465 2380; x_wconf 88' lang='lat' dir='ltr'><strong>nos</strong></span> <span class='ocrx_word' id='word_1_184' title='bbox 488 2323 602 2379; x_wconf 82' lang='lat' dir='ltr'><strong>eatenis</strong></span> <span class='ocrx_word' id='word_1_185' title='bbox 625 2341 665 2380; x_wconf 83' lang='lat' dir='ltr'><strong>ax</strong></span> <span class='ocrx_word' id='word_1_186' title='bbox 679 2326 849 2382; x_wconf 79' lang='lat' dir='ltr'><strong>coniectura</strong></span> <span class='ocrx_word' id='word_1_187' title='bbox 865 2322 1139 2403; x_wconf 85' lang='lat' dir='ltr'><strong>superaddidimus.</strong></span> <span class='ocrx_word' id='word_1_188' title='bbox 1179 2323 1278 2379; x_wconf 85' lang='lat' dir='ltr'><strong>llurz.</strong></span> 
     </span>
     <span class='ocr_line' id='line_1_25' title="bbox 176 2404 1279 2486; baseline 0 -22"><span class='ocrx_word' id='word_1_189' title='bbox 176 2408 283 2464; x_wconf 84' lang='lat' dir='ltr'><strong>limina</strong></span> <span class='ocrx_word' id='word_1_190' title='bbox 295 2404 417 2464; x_wconf 88' lang='lat' dir='ltr'><strong>aedium</strong></span> <span class='ocrx_word' id='word_1_191' title='bbox 429 2407 632 2485; x_wconf 79' lang='lat' dir='ltr'><strong>imperialium</strong></span> <span class='ocrx_word' id='word_1_192' title='bbox 648 2409 790 2468; x_wconf 80' lang='lat' dir='ltr'><strong>cancellis</strong></span> <span class='ocrx_word' id='word_1_193' title='bbox 805 2408 1037 2486; x_wconf 76' lang='lat' dir='ltr'><strong>claudebantur3</strong></span> <span class='ocrx_word' id='word_1_194' title='bbox 1059 2420 1131 2468; x_wconf 91' lang='lat' dir='ltr'><strong>nota</strong></span> <span class='ocrx_word' id='word_1_195' title='bbox 1144 2427 1203 2467; x_wconf 88' lang='lat' dir='ltr'><strong>res.</strong></span> <span class='ocrx_word' id='word_1_196' title='bbox 1224 2407 1279 2465; x_wconf 78' lang='lat' dir='ltr'><strong>si-</strong></span> 
     </span>
     <span class='ocr_line' id='line_1_26' title="bbox 177 2489 1276 2574; baseline -0.002 -24"><span class='ocrx_word' id='word_1_197' title='bbox 177 2489 249 2574; x_wconf 70' lang='lat' dir='ltr'><strong>don.</strong></span> <span class='ocrx_word' id='word_1_198' title='bbox 263 2492 397 2569; x_wconf 89' lang='lat' dir='ltr'><strong>Apollin.</strong></span> <span class='ocrx_word' id='word_1_199' title='bbox 413 2492 432 2554; x_wconf 91' lang='lat'>1</span> <span class='ocrx_word' id='word_1_200' title='bbox 453 2511 502 2570; x_wconf 84' lang='lat' dir='ltr'><strong>ep.</strong></span> <span class='ocrx_word' id='word_1_201' title='bbox 518 2495 557 2555; x_wconf 77' lang='lat'><strong>2:</strong></span> <span class='ocrx_word' id='word_1_202' title='bbox 579 2491 699 2551; x_wconf 63' lang='lat' dir='ltr'><strong>inclina</strong></span> <span class='ocrx_word' id='word_1_203' title='bbox 713 2494 788 2552; x_wconf 70' lang='lat' dir='ltr'><strong>veles</strong></span> <span class='ocrx_word' id='word_1_204' title='bbox 803 2494 955 2572; x_wconf 84' lang='lat' dir='ltr'><strong>(limina),</strong></span> <span class='ocrx_word' id='word_1_205' title='bbox 984 2496 1105 2554; x_wconf 75' lang='lat' dir='ltr'><strong>exclusa</strong></span> <span class='ocrx_word' id='word_1_206' title='bbox 1121 2491 1276 2552; x_wconf 66' lang='lat' dir='ltr'><strong>cancellis.</strong></span> 
     </span>
     <span class='ocr_line' id='line_1_27' title="bbox 178 2574 1282 2660; baseline 0.006 -26"><span class='ocrx_word' id='word_1_207' title='bbox 178 2578 325 2655; x_wconf 79' lang='lat' dir='ltr'><strong>interpres</strong></span> <span class='ocrx_word' id='word_1_208' title='bbox 338 2575 543 2635; x_wconf 85' lang='lat' dir='ltr'><strong>doctissimus:</strong></span> <span class='ocrx_word' id='word_1_209' title='bbox 563 2596 623 2658; x_wconf 90' lang='lat' dir='ltr'><strong>quo</strong></span> <span class='ocrx_word' id='word_1_210' title='bbox 635 2579 731 2636; x_wconf 83' lang='lat' dir='ltr'><strong>refero</strong></span> <span class='ocrx_word' id='word_1_211' title='bbox 743 2577 822 2637; x_wconf 85' lang='lat' dir='ltr'><strong>illud</strong></span> <span class='ocrx_word' id='word_1_212' title='bbox 830 2581 938 2638; x_wconf 86' lang='lat' dir='ltr'><strong>Iuliani</strong></span> <span class='ocrx_word' id='word_1_213' title='bbox 952 2583 1096 2660; x_wconf 81' lang='lat' dir='ltr'><strong>principis</strong></span> <span class='ocrx_word' id='word_1_214' title='bbox 1111 2581 1154 2655; x_wconf 75' lang='grc' dir='ltr'><strong>εἰς</strong></span> <span class='ocrx_word' id='word_1_215' title='bbox 1169 2574 1282 2660; x_wconf 70' lang='grc' dir='ltr'><strong><em>κάγκε-</em></strong></span> 
     </span>
    </p>
   </div>
   <div class='ocr_carea' id='block_1_3' title="bbox 50 2655 1281 2751">
    <p class='ocr_par' dir='ltr' id='par_1_8' title="bbox 50 2655 1281 2751">
     <span class='ocr_line' id='line_1_28' title="bbox 50 2655 1281 2751; baseline 0.001 -27"><span class='ocrx_word' id='word_1_216' title='bbox 50 2690 53 2699; x_wconf 94' lang='lat'><em>·</em></span> <span class='ocrx_word' id='word_1_217' title='bbox 177 2665 233 2724; x_wconf 69' lang='lat' dir='ltr'><strong>ios</strong></span> <span class='ocrx_word' id='word_1_218' title='bbox 255 2659 386 2735; x_wconf 65' lang='lat' dir='ltr'><strong>risiare,</strong></span> <span class='ocrx_word' id='word_1_219' title='bbox 398 2655 440 2739; x_wconf 76' lang='grc' dir='ltr'><strong>ἢν</strong></span> <span class='ocrx_word' id='word_1_220' title='bbox 460 2663 580 2744; x_wconf 74' lang='grc' dir='ltr'><strong>κλείσῃς</strong></span> <span class='ocrx_word' id='word_1_221' title='bbox 598 2658 645 2743; x_wconf 83' lang='grc' dir='ltr'><strong>μ’,</strong></span> <span class='ocrx_word' id='word_1_222' title='bbox 668 2657 804 2747; x_wconf 61' lang='lat' dir='ltr'><strong>rivique,</strong></span> <span class='ocrx_word' id='word_1_223' title='bbox 827 2664 879 2728; x_wconf 78' lang='lat' dir='ltr'><strong>sul</strong></span> <span class='ocrx_word' id='word_1_224' title='bbox 897 2659 940 2743; x_wconf 74' lang='grc' dir='ltr'><strong>ἢν</strong></span> <span class='ocrx_word' id='word_1_225' title='bbox 958 2665 1058 2751; x_wconf 64' lang='lat' dir='ltr'><strong>elipe,</strong></span> <span class='ocrx_word' id='word_1_226' title='bbox 1079 2669 1206 2738; x_wconf 72' lang='grc' dir='ltr'><strong>κλείσεις</strong></span> <span class='ocrx_word' id='word_1_227' title='bbox 1222 2678 1281 2742; x_wconf 81' lang='grc' dir='ltr'><strong>με·</strong></span> 
     </span>
    </p>
   </div>
   <div class='ocr_carea' id='block_1_4' title="bbox 177 2740 1285 4360">
    <p class='ocr_par' dir='ltr' id='par_1_9' title="bbox 177 2740 1285 3402">
     <span class='ocr_line' id='line_1_29' title="bbox 177 2740 1284 2830; baseline 0 -23"><span class='ocrx_word' id='word_1_228' title='bbox 177 2752 261 2818; x_wconf 75' lang='grc' dir='ltr'><strong><em>τοῖος</em></strong></span> <span class='ocrx_word' id='word_1_229' title='bbox 274 2740 334 2806; x_wconf 75' lang='lat' dir='ltr'><strong>irie</strong></span> <span class='ocrx_word' id='word_1_230' title='bbox 349 2752 451 2824; x_wconf 76' lang='grc' dir='ltr'><strong><em>τηρεῖν</em></strong></span> <span class='ocrx_word' id='word_1_231' title='bbox 464 2741 520 2809; x_wconf 79' lang='grc' dir='ltr'><strong>σόν</strong></span> <span class='ocrx_word' id='word_1_232' title='bbox 536 2741 634 2827; x_wconf 78' lang='grc' dir='ltr'>δόμον</span> <span class='ocrx_word' id='word_1_233' title='bbox 646 2742 685 2810; x_wconf 80' lang='lat' dir='ltr'><strong>osi</strong></span> <span class='ocrx_word' id='word_1_234' title='bbox 700 2745 843 2830; x_wconf 76' lang='grc' dir='ltr'><strong>δύναμαι.</strong></span> <span class='ocrx_word' id='word_1_235' title='bbox 886 2749 941 2809; x_wconf 85' lang='lat' dir='ltr'><strong>sed</strong></span> <span class='ocrx_word' id='word_1_236' title='bbox 955 2750 993 2808; x_wconf 90' lang='lat' dir='ltr'><strong>de</strong></span> <span class='ocrx_word' id='word_1_237' title='bbox 1008 2752 1137 2823; x_wconf 85' lang='lat' dir='ltr'><strong>eatenis,</strong></span> <span class='ocrx_word' id='word_1_238' title='bbox 1167 2750 1284 2826; x_wconf 82' lang='lat' dir='ltr'><strong>quibus</strong></span> 
     </span>
     <span class='ocr_line' id='line_1_30' title="bbox 177 2830 1284 2917; baseline 0.005 -29"><span class='ocrx_word' id='word_1_239' title='bbox 177 2831 254 2888; x_wconf 87' lang='lat' dir='ltr'><strong>ostia</strong></span> <span class='ocrx_word' id='word_1_240' title='bbox 267 2830 492 2904; x_wconf 85' lang='lat' dir='ltr'><strong>muniebantur,</strong></span> <span class='ocrx_word' id='word_1_241' title='bbox 520 2849 581 2887; x_wconf 88' lang='lat' dir='ltr'><strong>non</strong></span> <span class='ocrx_word' id='word_1_242' title='bbox 595 2835 721 2891; x_wconf 87' lang='lat' dir='ltr'><strong>memini</strong></span> <span class='ocrx_word' id='word_1_243' title='bbox 735 2855 785 2893; x_wconf 91' lang='lat' dir='ltr'><strong>me</strong></span> <span class='ocrx_word' id='word_1_244' title='bbox 801 2837 963 2917; x_wconf 85' lang='lat' dir='ltr'><strong>quiequam</strong></span> <span class='ocrx_word' id='word_1_245' title='bbox 977 2837 1102 2914; x_wconf 86' lang='lat' dir='ltr'><strong>legisse,</strong></span> <span class='ocrx_word' id='word_1_246' title='bbox 1123 2834 1181 2889; x_wconf 84' lang='lat' dir='ltr'><strong>nisi</strong></span> <span class='ocrx_word' id='word_1_247' title='bbox 1197 2832 1284 2890; x_wconf 85' lang='lat' dir='ltr'><strong>forte</strong></span> 
     </span>
     <span class='ocr_line' id='line_1_31' title="bbox 179 2911 1285 2999; baseline 0.006 -29"><span class='ocrx_word' id='word_1_248' title='bbox 179 2913 320 2971; x_wconf 87' lang='lat' dir='ltr'><strong>ianitores</strong></span> <span class='ocrx_word' id='word_1_249' title='bbox 342 2923 492 2972; x_wconf 81' lang='lat' dir='ltr'><strong>catenatos</strong></span> <span class='ocrx_word' id='word_1_250' title='bbox 509 2911 567 2972; x_wconf 88' lang='lat' dir='ltr'><strong>boo</strong></span> <span class='ocrx_word' id='word_1_251' title='bbox 578 2915 646 2975; x_wconf 89' lang='lat' dir='ltr'><strong>loco</strong></span> <span class='ocrx_word' id='word_1_252' title='bbox 660 2919 876 2999; x_wconf 85' lang='lat' dir='ltr'><strong>intelligamus.</strong></span> <span class='ocrx_word' id='word_1_253' title='bbox 918 2922 1040 2979; x_wconf 81' lang='lat' dir='ltr'><strong>Sueten.</strong></span> <span class='ocrx_word' id='word_1_254' title='bbox 1055 2918 1092 2975; x_wconf 89' lang='lat' dir='ltr'><strong>de</strong></span> <span class='ocrx_word' id='word_1_255' title='bbox 1108 2917 1179 2974; x_wconf 81' lang='lat' dir='ltr'><strong>clar.</strong></span> <span class='ocrx_word' id='word_1_256' title='bbox 1196 2912 1285 2977; x_wconf 87' lang='lat' dir='ltr'><strong>rbet.</strong></span> 
     </span>
     <span class='ocr_line' id='line_1_32' title="bbox 178 2996 1280 3079; baseline 0.004 -22"><span class='ocrx_word' id='word_1_257' title='bbox 178 3000 217 3061; x_wconf 79' lang='lat'><strong>3:</strong></span> <span class='ocrx_word' id='word_1_258' title='bbox 238 2996 349 3054; x_wconf 71' lang='lat' dir='ltr'><strong>dicitur</strong></span> <span class='ocrx_word' id='word_1_259' title='bbox 365 3001 488 3056; x_wconf 68' lang='lat' dir='ltr'><strong>serenae</strong></span> <span class='ocrx_word' id='word_1_260' title='bbox 510 3010 602 3077; x_wconf 81' lang='lat' dir='ltr'><strong>atqua</strong></span> <span class='ocrx_word' id='word_1_261' title='bbox 623 3005 765 3062; x_wconf 69' lang='lat' dir='ltr'><strong>astrorum</strong></span> <span class='ocrx_word' id='word_1_262' title='bbox 785 3007 877 3063; x_wconf 68' lang='lat' dir='ltr'><strong>vetui</strong></span> <span class='ocrx_word' id='word_1_263' title='bbox 893 3025 971 3062; x_wconf 84' lang='lat' dir='ltr'><strong>more</strong></span> <span class='ocrx_word' id='word_1_264' title='bbox 984 3006 1017 3060; x_wconf 76' lang='lat' dir='ltr'><strong>ris</strong></span> <span class='ocrx_word' id='word_1_265' title='bbox 1033 3012 1152 3059; x_wconf 76' lang='grc' dir='ltr'><strong>ωιεννα</strong></span> <span class='ocrx_word' id='word_1_266' title='bbox 1159 3000 1280 3079; x_wconf 70' lang='lat' dir='ltr'><strong>fursee.</strong></span> 
     </span>
     <span class='ocr_line' id='line_1_33' title="bbox 178 3079 1284 3166; baseline 0.003 -24"><span class='ocrx_word' id='word_1_267' title='bbox 178 3079 319 3142; x_wconf 85' lang='lat' dir='ltr'><strong>Budaeus</strong></span> <span class='ocrx_word' id='word_1_268' title='bbox 332 3080 353 3145; x_wconf 82' lang='grc'><strong>4</strong></span> <span class='ocrx_word' id='word_1_269' title='bbox 365 3085 403 3157; x_wconf 81' lang='lat'><strong>8,</strong></span> <span class='ocrx_word' id='word_1_270' title='bbox 433 3093 463 3140; x_wconf 91' lang='lat' dir='ltr'><strong>et</strong></span> <span class='ocrx_word' id='word_1_271' title='bbox 485 3086 578 3141; x_wconf 72' lang='lat' dir='ltr'><strong>oririu</strong></span> <span class='ocrx_word' id='word_1_272' title='bbox 594 3083 634 3142; x_wconf 86' lang='lat' dir='ltr'><strong>ad</strong></span> <span class='ocrx_word' id='word_1_273' title='bbox 648 3089 768 3148; x_wconf 83' lang='lat' dir='ltr'><strong>Petrun.</strong></span> <span class='ocrx_word' id='word_1_274' title='bbox 784 3088 939 3148; x_wconf 85' lang='lat' dir='ltr'><strong>claudian.</strong></span> <span class='ocrx_word' id='word_1_275' title='bbox 954 3091 973 3150; x_wconf 83' lang='grc'><strong>3</strong></span> <span class='ocrx_word' id='word_1_276' title='bbox 990 3086 1027 3144; x_wconf 92' lang='lat' dir='ltr'><strong>de</strong></span> <span class='ocrx_word' id='word_1_277' title='bbox 1042 3096 1147 3166; x_wconf 87' lang='lat' dir='ltr'><strong>raptu:</strong></span> <span class='ocrx_word' id='word_1_278' title='bbox 1170 3085 1284 3145; x_wconf 74' lang='lat' dir='ltr'><strong>domam</strong></span> 
     </span>
     <span class='ocr_line' id='line_1_34' title="bbox 181 3166 1281 3248; baseline 0.008 -24"><span class='ocrx_word' id='word_1_279' title='bbox 181 3166 312 3226; x_wconf 80' lang='lat' dir='ltr'><strong>exeubr&#39;s&#39;s</strong></span> <span class='ocrx_word' id='word_1_280' title='bbox 334 3167 513 3226; x_wconf 73' lang='lat' dir='ltr'><strong>inemtodita</strong></span> <span class='ocrx_word' id='word_1_281' title='bbox 535 3172 663 3228; x_wconf 65' lang='lat' dir='ltr'><strong>remus.</strong></span> <span class='ocrx_word' id='word_1_282' title='bbox 709 3174 826 3232; x_wconf 85' lang='lat' dir='ltr'><strong>Tibull.</strong></span> <span class='ocrx_word' id='word_1_283' title='bbox 852 3175 870 3237; x_wconf 91' lang='lat'>1</span> <span class='ocrx_word' id='word_1_284' title='bbox 892 3177 929 3248; x_wconf 85' lang='lat'><strong>6,</strong></span> <span class='ocrx_word' id='word_1_285' title='bbox 965 3171 1052 3231; x_wconf 79' lang='lat' dir='ltr'><strong>ovid.</strong></span> <span class='ocrx_word' id='word_1_286' title='bbox 1077 3175 1182 3232; x_wconf 85' lang='lat' dir='ltr'><strong>Amor.</strong></span> <span class='ocrx_word' id='word_1_287' title='bbox 1208 3173 1281 3246; x_wconf 87' lang='lat'><strong>16,</strong></span> 
     </span>
     <span class='ocr_line' id='line_1_35' title="bbox 179 3250 1280 3338; baseline 0.006 -28"><span class='ocrx_word' id='word_1_288' title='bbox 179 3250 348 3312; x_wconf 72' lang='lat' dir='ltr'><strong>cassiodor.</strong></span> <span class='ocrx_word' id='word_1_289' title='bbox 364 3254 402 3316; x_wconf 87' lang='lat'><strong>11</strong></span> <span class='ocrx_word' id='word_1_290' title='bbox 418 3251 469 3316; x_wconf 78' lang='lat'><strong>40.</strong></span> <span class='ocrx_word' id='word_1_291' title='bbox 497 3253 641 3315; x_wconf 85' lang='lat' dir='ltr'><strong>Afranius</strong></span> <span class='ocrx_word' id='word_1_292' title='bbox 655 3256 736 3336; x_wconf 84' lang='lat' dir='ltr'><strong>apud</strong></span> <span class='ocrx_word' id='word_1_293' title='bbox 748 3260 895 3317; x_wconf 84' lang='lat' dir='ltr'><strong>Nonium:</strong></span> <span class='ocrx_word' id='word_1_294' title='bbox 917 3259 1051 3316; x_wconf 65' lang='lat' dir='ltr'><strong>utinm</strong></span> <span class='ocrx_word' id='word_1_295' title='bbox 1065 3258 1280 3338; x_wconf 68' lang='lat' dir='ltr'><strong>iupedimenta</strong></span> 
     </span>
     <span class='ocr_line' id='line_1_36' title="bbox 178 3338 615 3402; baseline 0.018 -9"><span class='ocrx_word' id='word_1_296' title='bbox 178 3338 315 3397; x_wconf 58' lang='lat' dir='ltr'><strong>tamtarn</strong></span> <span class='ocrx_word' id='word_1_297' title='bbox 330 3338 431 3397; x_wconf 68' lang='lat' dir='ltr'><strong>undu.</strong></span> <span class='ocrx_word' id='word_1_298' title='bbox 475 3339 615 3402; x_wconf 82' lang='lat' dir='ltr'><strong>Dauesr.</strong></span> 
     </span>
    </p>

    <p class='ocr_par' dir='ltr' id='par_1_10' title="bbox 181 3421 1285 4360">
     <span class='ocr_line' id='line_1_37' title="bbox 263 3421 1281 3510; baseline 0.007 -30"><span class='ocrx_word' id='word_1_299' title='bbox 263 3421 305 3480; x_wconf 84' lang='lat' dir='ltr'><strong>ib.</strong></span> <span class='ocrx_word' id='word_1_300' title='bbox 351 3421 389 3482; x_wconf 87' lang='lat' dir='ltr'><strong>da</strong></span> <span class='ocrx_word' id='word_1_301' title='bbox 408 3424 584 3484; x_wconf 86' lang='lat' dir='ltr'><strong>ianitoribus</strong></span> <span class='ocrx_word' id='word_1_302' title='bbox 604 3428 747 3487; x_wconf 78' lang='lat' dir='ltr'><strong>catenatis</strong></span> <span class='ocrx_word' id='word_1_303' title='bbox 762 3428 906 3507; x_wconf 76' lang='lat' dir='ltr'><strong>exposui,</strong></span> <span class='ocrx_word' id='word_1_304' title='bbox 937 3426 992 3488; x_wconf 88' lang='lat' dir='ltr'><strong>sed</strong></span> <span class='ocrx_word' id='word_1_305' title='bbox 1004 3445 1182 3510; x_wconf 78' lang='lat' dir='ltr'><strong>perperam:</strong></span> <span class='ocrx_word' id='word_1_306' title='bbox 1205 3446 1281 3487; x_wconf 89' lang='lat' dir='ltr'><strong>narn</strong></span> 
     </span>
     <span class='ocr_line' id='line_1_38' title="bbox 181 3509 1280 3595; baseline 0.009 -34"><span class='ocrx_word' id='word_1_307' title='bbox 181 3523 265 3562; x_wconf 86' lang='lat' dir='ltr'><strong>serae</strong></span> <span class='ocrx_word' id='word_1_308' title='bbox 285 3509 475 3589; x_wconf 84' lang='lat' dir='ltr'><strong>antiquorum</strong></span> <span class='ocrx_word' id='word_1_309' title='bbox 494 3512 625 3590; x_wconf 88' lang='lat' dir='ltr'><strong>pensiles</strong></span> <span class='ocrx_word' id='word_1_310' title='bbox 648 3524 732 3572; x_wconf 89' lang='lat' dir='ltr'><strong>erant</strong></span> <span class='ocrx_word' id='word_1_311' title='bbox 752 3516 933 3573; x_wconf 82' lang='lat' dir='ltr'><strong>transmissis</strong></span> <span class='ocrx_word' id='word_1_312' title='bbox 953 3517 1080 3591; x_wconf 86' lang='lat' dir='ltr'><strong>eatenis,</strong></span> <span class='ocrx_word' id='word_1_313' title='bbox 1110 3533 1185 3595; x_wconf 87' lang='lat' dir='ltr'><strong>quas</strong></span> <span class='ocrx_word' id='word_1_314' title='bbox 1198 3516 1280 3593; x_wconf 89' lang='lat' dir='ltr'><strong>posti</strong></span> 
     </span>
     <span class='ocr_line' id='line_1_39' title="bbox 182 3590 1281 3681; baseline 0.012 -35"><span class='ocrx_word' id='word_1_315' title='bbox 182 3590 370 3668; x_wconf 85' lang='lat' dir='ltr'><strong>inserebant,</strong></span> <span class='ocrx_word' id='word_1_316' title='bbox 400 3605 433 3653; x_wconf 86' lang='lat' dir='ltr'><strong>rat</strong></span> <span class='ocrx_word' id='word_1_317' title='bbox 448 3616 517 3653; x_wconf 86' lang='lat' dir='ltr'><strong>enm</strong></span> <span class='ocrx_word' id='word_1_318' title='bbox 530 3599 637 3656; x_wconf 88' lang='lat' dir='ltr'><strong>ianuae</strong></span> <span class='ocrx_word' id='word_1_319' title='bbox 650 3609 750 3658; x_wconf 86' lang='lat' dir='ltr'><strong>essent</strong></span> <span class='ocrx_word' id='word_1_320' title='bbox 763 3597 957 3678; x_wconf 87' lang='lat' dir='ltr'><strong>aperiendae,</strong></span> <span class='ocrx_word' id='word_1_321' title='bbox 987 3621 1004 3658; x_wconf 87' lang='lat' dir='ltr'><strong>e</strong></span> <span class='ocrx_word' id='word_1_322' title='bbox 1021 3603 1148 3674; x_wconf 85' lang='lat' dir='ltr'><strong>catenis,</strong></span> <span class='ocrx_word' id='word_1_323' title='bbox 1171 3600 1281 3681; x_wconf 87' lang='lat' dir='ltr'><strong>quibus</strong></span> 
     </span>
     <span class='ocr_line' id='line_1_40' title="bbox 182 3671 1281 3766; baseline 0.011 -36"><span class='ocrx_word' id='word_1_324' title='bbox 182 3671 394 3754; x_wconf 85' lang='lat' dir='ltr'><strong>inhaerebant,</strong></span> <span class='ocrx_word' id='word_1_325' title='bbox 419 3699 504 3739; x_wconf 88' lang='lat' dir='ltr'><strong>sarae</strong></span> <span class='ocrx_word' id='word_1_326' title='bbox 525 3685 743 3761; x_wconf 84' lang='lat' dir='ltr'><strong>eximerentur,</strong></span> <span class='ocrx_word' id='word_1_327' title='bbox 771 3686 861 3764; x_wconf 84' lang='lat' dir='ltr'><strong>longe</strong></span> <span class='ocrx_word' id='word_1_328' title='bbox 880 3687 941 3745; x_wconf 91' lang='lat' dir='ltr'><strong>alio</strong></span> <span class='ocrx_word' id='word_1_329' title='bbox 957 3686 1016 3744; x_wconf 88' lang='lat' dir='ltr'><strong>ritu</strong></span> <span class='ocrx_word' id='word_1_330' title='bbox 1031 3705 1123 3766; x_wconf 91' lang='lat' dir='ltr'><strong>quam</strong></span> <span class='ocrx_word' id='word_1_331' title='bbox 1134 3688 1196 3743; x_wconf 88' lang='lat' dir='ltr'><strong>iam</strong></span> <span class='ocrx_word' id='word_1_332' title='bbox 1207 3685 1281 3742; x_wconf 82' lang='lat' dir='ltr'><strong>fiat:</strong></span> 
     </span>
     <span class='ocr_line' id='line_1_41' title="bbox 182 3764 1282 3858; baseline 0.013 -43"><span class='ocrx_word' id='word_1_333' title='bbox 182 3775 354 3858; x_wconf 27' lang='lat' dir='ltr'><strong>namoserae</strong></span> <span class='ocrx_word' id='word_1_334' title='bbox 369 3764 535 3842; x_wconf 76' lang='lat' dir='ltr'><strong>priscorum</strong></span> <span class='ocrx_word' id='word_1_335' title='bbox 549 3772 747 3850; x_wconf 85' lang='lat' dir='ltr'><strong>exemptiles,</strong></span> <span class='ocrx_word' id='word_1_336' title='bbox 766 3782 886 3829; x_wconf 88' lang='lat' dir='ltr'><strong>nostrae</strong></span> <span class='ocrx_word' id='word_1_337' title='bbox 900 3771 991 3834; x_wconf 76' lang='lat' dir='ltr'><strong>fixae.</strong></span> <span class='ocrx_word' id='word_1_338' title='bbox 1018 3771 1178 3830; x_wconf 83' lang='lat' dir='ltr'><strong>Turnebus</strong></span> <span class='ocrx_word' id='word_1_339' title='bbox 1195 3770 1236 3833; x_wconf 84' lang='lat'><strong>19</strong></span> <span class='ocrx_word' id='word_1_340' title='bbox 1248 3774 1282 3835; x_wconf 89' lang='grc'><strong>7.</strong></span> 
     </span>
     <span class='ocr_line' id='line_1_42' title="bbox 182 3842 1284 3944; baseline 0.01 -42"><span class='ocrx_word' id='word_1_341' title='bbox 182 3842 324 3944; x_wconf 55' lang='lat' dir='ltr'><strong>Ovidius:</strong></span> <span class='ocrx_word' id='word_1_342' title='bbox 346 3857 409 3903; x_wconf 81' lang='lat' dir='ltr'><strong>totu</strong></span> <span class='ocrx_word' id='word_1_343' title='bbox 416 3861 505 3925; x_wconf 80' lang='lat' dir='ltr'><strong>patet</strong></span> <span class='ocrx_word' id='word_1_344' title='bbox 517 3853 638 3932; x_wconf 72' lang='lat' dir='ltr'><strong>dempta</strong></span> <span class='ocrx_word' id='word_1_345' title='bbox 652 3858 748 3915; x_wconf 77' lang='grc' dir='ltr'><strong>ιἀιειια</strong></span> <span class='ocrx_word' id='word_1_346' title='bbox 760 3867 862 3915; x_wconf 76' lang='lat' dir='ltr'><strong>norim</strong></span> <span class='ocrx_word' id='word_1_347' title='bbox 874 3877 951 3916; x_wconf 67' lang='lat' dir='ltr'><strong>sau.</strong></span> <span class='ocrx_word' id='word_1_348' title='bbox 979 3866 1009 3914; x_wconf 86' lang='lat' dir='ltr'><strong>et</strong></span> <span class='ocrx_word' id='word_1_349' title='bbox 1022 3858 1104 3916; x_wconf 81' lang='lat' dir='ltr'><strong>Faat.</strong></span> <span class='ocrx_word' id='word_1_350' title='bbox 1119 3859 1155 3920; x_wconf 89' lang='lat'><strong>1:</strong></span> <span class='ocrx_word' id='word_1_351' title='bbox 1177 3865 1206 3913; x_wconf 81' lang='lat' dir='ltr'><strong>et</strong></span> <span class='ocrx_word' id='word_1_352' title='bbox 1217 3856 1284 3913; x_wconf 80' lang='grc' dir='ltr'><strong><em>ι’ωεε</em></strong></span> 
     </span>
     <span class='ocr_line' id='line_1_43' title="bbox 182 3939 1284 4020; baseline 0.008 -30"><span class='ocrx_word' id='word_1_353' title='bbox 182 3940 369 4010; x_wconf 60' lang='lat' dir='ltr'><strong>coangustant</strong></span> <span class='ocrx_word' id='word_1_354' title='bbox 374 3944 511 4008; x_wconf 78' lang='lat' dir='ltr'><strong>portam,</strong></span> <span class='ocrx_word' id='word_1_355' title='bbox 527 3939 674 3999; x_wconf 70' lang='lat' dir='ltr'><strong>Salutaris</strong></span> <span class='ocrx_word' id='word_1_356' title='bbox 687 3944 773 4003; x_wconf 68' lang='lat' dir='ltr'><strong>cusia</strong></span> <span class='ocrx_word' id='word_1_357' title='bbox 786 3942 954 4020; x_wconf 79' lang='lat' dir='ltr'><strong>dempserat</strong></span> <span class='ocrx_word' id='word_1_358' title='bbox 967 3945 1121 4020; x_wconf 77' lang='lat' dir='ltr'><strong>appositus</strong></span> <span class='ocrx_word' id='word_1_359' title='bbox 1133 3940 1284 3999; x_wconf 58' lang='lat' dir='ltr'><strong>neruosa</strong></span> 
     </span>
     <span class='ocr_line' id='line_1_44' title="bbox 184 4014 1282 4106; baseline 0.011 -33"><span class='ocrx_word' id='word_1_360' title='bbox 184 4035 277 4075; x_wconf 66' lang='lat' dir='ltr'><strong>eoae.</strong></span> <span class='ocrx_word' id='word_1_361' title='bbox 320 4014 403 4075; x_wconf 75' lang='lat' dir='ltr'><strong>idem</strong></span> <span class='ocrx_word' id='word_1_362' title='bbox 416 4021 520 4079; x_wconf 85' lang='lat' dir='ltr'><strong>Amor.</strong></span> <span class='ocrx_word' id='word_1_363' title='bbox 539 4024 606 4086; x_wconf 86' lang='lat'><strong>16.</strong></span> <span class='ocrx_word' id='word_1_364' title='bbox 647 4029 726 4086; x_wconf 83' lang='lat' dir='ltr'><strong>Non.</strong></span> <span class='ocrx_word' id='word_1_365' title='bbox 747 4030 780 4086; x_wconf 88' lang='lat' dir='ltr'><strong>in</strong></span> <span class='ocrx_word' id='word_1_366' title='bbox 794 4026 982 4106; x_wconf 77' lang='lat' dir='ltr'><strong>patibulum.</strong></span> <span class='ocrx_word' id='word_1_367' title='bbox 1028 4029 1148 4087; x_wconf 84' lang='lat' dir='ltr'><strong>Petron.</strong></span> <span class='ocrx_word' id='word_1_368' title='bbox 1162 4027 1282 4106; x_wconf 63' lang='lat' dir='ltr'><strong>solym:</strong></span> 
     </span>
     <span class='ocr_line' id='line_1_45' title="bbox 184 4100 1284 4198; baseline 0.011 -41"><span class='ocrx_word' id='word_1_369' title='bbox 184 4101 259 4198; x_wconf 58' lang='lat' dir='ltr'><em>Q</em></span> <span class='ocrx_word' id='word_1_370' title='bbox 273 4100 436 4181; x_wconf 66' lang='lat' dir='ltr'><strong>loquemur,</strong></span> <span class='ocrx_word' id='word_1_371' title='bbox 457 4125 523 4164; x_wconf 85' lang='lat' dir='ltr'><strong>seru</strong></span> <span class='ocrx_word' id='word_1_372' title='bbox 533 4128 591 4166; x_wconf 83' lang='lat' dir='ltr'><strong>suu</strong></span> <span class='ocrx_word' id='word_1_373' title='bbox 603 4121 708 4186; x_wconf 79' lang='lat' dir='ltr'><strong>sponte</strong></span> <span class='ocrx_word' id='word_1_374' title='bbox 720 4112 846 4191; x_wconf 76' lang='lat' dir='ltr'><strong>delapsa</strong></span> <span class='ocrx_word' id='word_1_375' title='bbox 858 4114 977 4185; x_wconf 80' lang='lat' dir='ltr'><strong>cecidit,</strong></span> <span class='ocrx_word' id='word_1_376' title='bbox 1004 4114 1196 4193; x_wconf 75' lang='lat' dir='ltr'><strong>miramque</strong></span> <span class='ocrx_word' id='word_1_377' title='bbox 1209 4110 1284 4170; x_wconf 83' lang='lat' dir='ltr'><strong>sub-</strong></span> 
     </span>
     <span class='ocr_line' id='line_1_46' title="bbox 185 4187 1285 4281; baseline 0.017 -40"><span class='ocrx_word' id='word_1_378' title='bbox 185 4187 328 4263; x_wconf 73' lang='lat' dir='ltr'><strong>sessores.</strong></span> <span class='ocrx_word' id='word_1_379' title='bbox 374 4197 404 4248; x_wconf 87' lang='lat' dir='ltr'><strong>et</strong></span> <span class='ocrx_word' id='word_1_380' title='bbox 416 4188 455 4248; x_wconf 81' lang='lat' dir='ltr'><strong>arl</strong></span> <span class='ocrx_word' id='word_1_381' title='bbox 465 4191 551 4251; x_wconf 86' lang='lat' dir='ltr'><strong>illam</strong></span> <span class='ocrx_word' id='word_1_382' title='bbox 563 4194 812 4258; x_wconf 67' lang='lat' dir='ltr'><strong>consuetudinem</strong></span> <span class='ocrx_word' id='word_1_383' title='bbox 822 4200 935 4277; x_wconf 88' lang='lat' dir='ltr'><strong>allusit,</strong></span> <span class='ocrx_word' id='word_1_384' title='bbox 952 4210 988 4260; x_wconf 89' lang='lat' dir='ltr'><strong>nt</strong></span> <span class='ocrx_word' id='word_1_385' title='bbox 1002 4209 1087 4281; x_wconf 88' lang='lat' dir='ltr'><strong>puto,</strong></span> <span class='ocrx_word' id='word_1_386' title='bbox 1108 4202 1245 4280; x_wconf 85' lang='lat' dir='ltr'><strong>Propert.</strong></span> <span class='ocrx_word' id='word_1_387' title='bbox 1262 4194 1285 4260; x_wconf 79' lang='lat'>4</span> 
     </span>
     <span class='ocr_line' id='line_1_47' title="bbox 189 4270 922 4360; baseline 0.03 -34"><span class='ocrx_word' id='word_1_388' title='bbox 189 4270 246 4331; x_wconf 79' lang='lat'><strong>12:</strong></span> <span class='ocrx_word' id='word_1_389' title='bbox 269 4284 298 4330; x_wconf 83' lang='lat' dir='ltr'><strong>et</strong></span> <span class='ocrx_word' id='word_1_390' title='bbox 308 4274 407 4335; x_wconf 68' lang='lat' dir='ltr'><strong>meent</strong></span> <span class='ocrx_word' id='word_1_391' title='bbox 421 4279 514 4337; x_wconf 71' lang='lat' dir='ltr'><strong>neira</strong></span> <span class='ocrx_word' id='word_1_392' title='bbox 527 4278 617 4360; x_wconf 79' lang='lat' dir='ltr'><strong>lapsa</strong></span> <span class='ocrx_word' id='word_1_393' title='bbox 630 4292 738 4343; x_wconf 75' lang='lat' dir='ltr'><strong>natura</strong></span> <span class='ocrx_word' id='word_1_394' title='bbox 751 4303 828 4346; x_wconf 71' lang='lat' dir='ltr'><strong>soa.</strong></span> <span class='ocrx_word' id='word_1_395' title='bbox 873 4288 922 4348; x_wconf 84' lang='lat' dir='ltr'><strong>lu.</strong></span> 
     </span>
    </p>
   </div>
   <div class='ocr_carea' id='block_1_5' title="bbox 0 0 1401 4625">
    <p class='ocr_par' dir='ltr' id='par_1_11' title="bbox 0 0 1401 4625">
     <span class='ocr_line' id='line_1_48' title="bbox 0 0 1401 4625; baseline 0 0"><span class='ocrx_word' id='word_1_396' title='bbox 0 0 1401 4625; x_wconf 95' lang='lat' dir='ltr'><strong> </strong></span> 
     </span>
    </p>
   </div>
  </div>
 </body>
</html>
