2750 4625
161 296 233 373 140
544 332 548 337 ·
623 305 789 376 content

156 469 219 538 410
238 466 402 545 subduci,
423 480 483 529 non
500 471 591 550 plena
604 468 679 531 fides
696 483 758 533 est:
779 493 851 534 narn
865 476 931 535 loon
943 487 1060 538 tannen

240 595 317 658 quoe
330 584 451 633 teneant
463 574 576 649 fossae,
599 578 696 634 nancti
709 596 765 637 nos
778 580 853 637 scire
867 581 1006 640 internur.

239 679 397 737 consilium
412 677 509 755 gentis
522 695 639 736 summo
650 680 782 758 perferre
795 683 949 760 magistro,

236 782 350 839 utilitas
364 777 439 838 haec
453 779 541 838 rebus
555 783 610 839 erit
621 782 752 860 perfecte
765 784 891 844 Latinis.

236 894 354 963 tempus
370 881 470 957 adest,
491 883 580 941 sooii:
600 902 724 962 prensos
738 889 889 965 rapiamus
903 888 940 945 ab
955 886 1051 961 hoste,

151 987 214 1054 416
236 984 309 1044 dum
321 987 405 1044 locus
419 994 480 1058 est,
504 986 556 1065 qui
569 995 674 1045 cuncta
688 985 758 1046 duci
769 989 928 1048 manifesta
941 993 1087 1051 resdraut

235 1091 383 1149 carcasan
396 1104 503 1146 arcana
519 1079 598 1146 sni.¹'
637 1104 694 1146 neo
706 1089 792 1167 plura
804 1092 903 1150 locuto

235 1191 341 1249 obvius
356 1211 424 1249 ecoe
437 1191 518 1249 venit
530 1189 694 1265 Tarincns,
714 1191 841 1271 belliger
851 1194 904 1251 ille

233 1294 373 1352 terribilis
387 1289 540 1373 qnondam
552 1294 675 1367 nostris,
695 1295 822 1373 stipante
835 1306 963 1357 caterra.

235 1393 285 1454 hic
297 1398 436 1475 pinnatus
451 1368 529 1470 elut,
549 1414 611 1453 non
624 1413 716 1475 quem
726 1397 894 1474 placaverat
909 1411 978 1459 ante

152 1496 215 1564 420
235 1500 404 1577 ensipotens
420 1494 597 1571 Solumuth3
620 1500 739 1582 generis
753 1510 854 1559 tamen
867 1521 955 1582 asper
968 1514 1090 1584 uterque

234 1602 378 1679 sanguine
391 1600 556 1678 proximior
569 1619 635 1658 sese
651 1600 797 1679 perbelle
811 1604 933 1662 terebat.

232 1700 314 1761 huno
329 1704 381 1761 ubi
394 1704 575 1783 prospiciens
587 1712 688 1761 contra
700 1704 855 1763 Liberatus
869 1717 988 1765 euntem

233 1804 310 1864 vidit
322 1815 351 1863 et
365 1807 469 1863 erectis
480 1814 644 1863 tentantem
655 1806 768 1884 proelia
781 1805 903 1882 dextris,

231 1909 317 1966 irretit
330 1909 394 1986 ipse
409 1909 504 1986 prior,
523 1916 696 1987 turmasque
709 1906 824 1965 invadit
836 1921 998 1988 equestres.

149 2005 212 2076 425
232 2008 303 2068 inde
317 2009 416 2067 fermn
429 2011 563 2068 Vetunan
580 2007 679 2067 valido
695 2028 749 2087 per
761 2020 880 2087 pectora
894 2013 956 2090 pilo

228 2110 421 2190 transadigit,
442 2112 613 2191 Marninqns
626 2112 693 2169 neci
706 2113 883 2192 nigrumque
894 2113 1061 2173 Lamaldan
1167 2146 1171 2163 ι

229 2224 260 2272 et
274 2217 362 2273 zeias
379 2211 462 2271 dedit
475 2232 545 2270 ense
559 2214 658 2291 gravi,
682 2213 851 2294 fortemque
864 2215 975 2274 Tililan

227 2329 257 2378 et
271 2321 418 2377 Burcnuta
431 2314 610 2397 Natlmnqne
624 2315 695 2374 ferit
708 2317 882 2399 Sarranque
893 2320 1037 2399 Tiliuque

227 2421 447 2501 ensiferumqne
460 2421 570 2491 Nican3
592 2420 715 2477 comites
728 2420 795 2498 quis
808 2422 898 2478 mittit
911 2418 950 2477 ad
960 2421 1080 2482 urnbras
1165 2447 1169 2456 ’

141 2520 204 2589 430
223 2524 387 2581 terribilem
399 2525 480 2581 Assn
494 2530 525 2579 ot
537 2521 704 2578 vibrantem
716 2523 829 2580 missile
841 2524 1000 2582 Dextram.

225 2625 369 2686 audacem
381 2627 486 2682 Petrus
495 2621 629 2681 Taiarnn
642 2624 801 2683 confixerat
812 2622 908 2699 basta,

224 2749 314 2811 quem
327 2730 401 2806 petit
411 2727 537 2784 irriensis
547 2727 710 2784 luctantem
721 2724 873 2784 lammadn
886 2726 972 2785 telis:

222 2831 304 2891 huuc
315 2841 416 2888 tamen
429 2836 588 2905 exceptum
602 2831 708 2886 Petrus
719 2846 859 2886 mucrone
870 2830 1007 2906 peremit,

223 2934 341 2994 verticis
357 2930 416 2986 alta
430 2938 529 2986 rotans
542 2930 684 2986 truncatis
695 2930 820 3007 timpora
833 2931 928 2986 venis.

140 3035 202 3105 435
223 3031 391 3113 Stephanus
403 3030 536 3102 Aliisne,
556 3026 660 3088 Tarnh
671 3029 741 3086 ferit
753 3047 823 3085 ense
832 3023 1015 3103 Iugurtham,

222 3135 399 3195 Muriferum
410 3133 529 3189 Priscus
540 3127 761 3207 Ielidnssenqne
774 3129 910 3185 carosus.

221 3237 345 3298 Silrntis
356 3232 532 3305 Zembrmn,
553 3231 696 3306 Grorgius
707 3226 822 3285 conticit
834 3228 962 3305 Auspnr,

220 3337 344 3397 vnlnere
354 3330 524 3414 perfodiens
535 3339 684 3389 contortae
696 3326 825 3406 cuspidis
835 3329 959 3406 inguen.

260 3438 344 3498 Victa
357 3434 492 3514 phalanx
502 3449 621 3491 versum
633 3428 755 3489 dederat
768 3432 918 3488 Mannnia
929 3429 1065 3493 dorsum:

133 3537 197 3608 440
216 3541 362 3600 rictomm
372 3537 507 3616 seqnitm·
516 3534 611 3612 pubes
623 3534 771 3612 veloxque
783 3532 930 3590 tribuum.

216 3641 311 3718 surgit
323 3635 361 3696 ad
375 3633 530 3694 aethereos
539 3635 635 3693 nnbes
649 3632 824 3692 densissima
839 3651 969 3712 compos,

216 3742 338 3821 pulvere
351 3738 430 3796 facta
439 3737 544 3815 fugae.
586 3735 660 3795 dum
676 3746 762 3794 sonat
774 3736 887 3813 ungula
900 3753 1001 3813 cornu,

216 3851 247 3900 st
258 3842 332 3900 letet
342 3841 471 3921 aspersis
483 3857 605 3920 campus
616 3848 770 3918 ooopertus
781 3839 890 3897 arenis

130 4054 184 4144 414
193 4071 265 4111 rarus
275 4055 324 4111 ian
335 4056 463 4128 rupuirnus
473 4053 506 4110 ab
517 4059 574 4139 ests
581 4055 612 4120 Τ,
622 4070 694 4138 raros
705 4052 754 4107 ism
764 4051 871 4106 uidimus
880 4051 1003 4106 tonent
1059 4052 1112 4110 415
1123 4056 1175 4109 nm
1182 4056 1213 4110 bl

131 4128 204 4248 libuli
213 4141 263 4196 qm
274 4127 340 4247 llta
356 4126 441 4246 neldll
450 4133 547 4246 illm
555 4125 756 4246 lllbhlllleldnas
766 4123 1015 4257 allilllnp'llmdltirssn
1026 4123 1212 4262 &lollium-

132 4262 184 4319 nt
200 4263 341 4334 Gregorius
350 4259 431 4317 inficit
441 4260 474 4317 bl
570 4261 623 4317 tto
637 4260 711 4331 pules
720 4260 841 4332 uetusque
853 4261 886 4330 Τ,
901 4259 1157 4332 auilcsrslosquess.
1208 4301 1213 4312 .
