2750 4625
196 300 364 371 colum
378 302 438 370 DE
454 300 619 373 annom.
634 300 745 373 lust.
757 300 910 374 MINOR.
923 304 1164 377 nnnlcnrlo.
1194 307 1265 382 165

213 469 234 536 6
254 487 427 528 mensuram
438 470 586 529 nausiam
600 488 718 546 meam,
738 466 890 552 longeque
904 482 1017 534 remota

254 572 383 649 suspicio
396 573 549 652 mirorque
560 562 682 646 ridens,
705 582 736 632 et
749 571 870 633 brachia
882 572 974 639 tendo

250 674 364 750 ingenii
375 672 526 754 studiique
539 675 611 732 mei.
653 683 713 733 stat
726 673 835 734 fertilis
847 675 936 734 arbor

251 786 402 834 sacrorum
414 778 445 833 in
458 773 558 835 madio
573 792 748 849 nemorum,
773 774 973 855 pulcherrima
987 776 1064 855 risu,

117 888 122 900 ’
143 874 147 881 ’
250 896 304 956 per
314 875 420 934 mundi
435 880 564 956 spatium
580 896 679 937 ramos
692 897 770 959 quae
783 875 880 937 tendit
893 897 1012 958 opaoos,

188 979 229 1042 10
249 977 394 1036 fructibus
406 981 575 1057 omnigenis
585 982 677 1051 etiam
688 982 754 1039 aine
766 989 901 1059 tempore
914 980 1016 1059 piena,

249 1089 280 1137 et
291 1096 369 1138 nova
381 1083 507 1140 maturis
521 1079 689 1141 admiseens
702 1084 839 1161 genuina
852 1083 970 1160 pomia3

249 1181 334 1239 onius
348 1198 428 1260 opex
439 1185 549 1242 summi
565 1185 709 1262 oontingit
723 1180 821 1242 sidera
837 1178 927 1259 osolt)

248 1293 278 1340 et
292 1281 379 1342 radix
393 1282 431 1342 da
447 1285 533 1343 fonte
543 1285 636 1359 bibit,
657 1286 810 1365 morisque
822 1284 942 1344 fluentia

247 1384 393 1464 expandit
406 1386 511 1442 satiate
524 1404 642 1459 mmaa,
663 1393 694 1445 et
708 1385 813 1444 nubila
827 1405 917 1466 supra
931 1396 988 1447 ast.

185 1483 227 1551 16
246 1486 358 1546 arboris
370 1496 400 1544 et
414 1485 522 1560 fontis,
544 1489 571 1545 ai
586 1487 633 1546 faa
646 1507 825 1566 oomponara
838 1489 959 1566 magnis

244 1606 335 1667 parra
349 1585 445 1660 datan,
466 1588 561 1647 iustas
574 1586 678 1648 videor
690 1590 825 1669 posuisse
837 1587 964 1667 figurant

244 1691 293 1749 siu
306 1690 394 1748 aliter
406 1686 526 1763 ridear,
548 1691 668 1789 rpniam
681 1693 773 1777 petit,
795 1691 907 1771 optime
920 1698 1070 1770 quaestor,

244 1792 420 1869 simplicitas
433 1792 538 1869 {gnara
549 1792 636 1852 maii·
678 1802 713 1851 tu
726 1794 833 1851 fertilis
845 1792 934 1850 arbor

243 1895 379 1972 Angusto
394 1890 432 1951 de
445 1894 528 1952 foma
541 1894 663 1954 bibanrt
684 1895 753 1954 fons
765 1896 918 1953 maximus
929 1892 1017 1951 aulae
1032 1901 1080 1952 ast

179 1997 223 2060 20
242 1994 710 2070 oommrmIabeneieotorheros,
731 1998 802 2055 iona
811 1998 913 2054 omnia
925 1994 1038 2071 ditans,

243 2098 296 2177 qui
307 2107 358 2156 tua
370 2115 426 2176 per
436 2098 514 2156 latos
529 2096 635 2159 eduxit
646 2097 768 2163 braohia
783 2109 876 2158 terras

241 2211 271 2269 et
282 2201 410 2281 populos
426 2211 523 2260 restra
535 2203 719 2282 requiescere
730 2201 803 2259 ieoit
810 2201 844 2257 in
855 2198 973 2257 umbra.

240 2300 299 2364 hoo
312 2299 390 2361 mihi
405 2299 444 2361 da
458 2299 497 2361 de
510 2302 593 2362 fonte
605 2302 724 2377 bibam,
744 2313 780 2361 tu
791 2301 901 2380 pabuia
914 2299 1071 2381 pusiam,

239 2407 306 2465 fons
322 2401 399 2463 mihi
414 2403 510 2464 duleis
521 2422 626 2486 aquas.
668 2403 745 2464 haee
755 2406 834 2464 inter
845 2421 973 2461 amoena
984 2402 1118 2461 libenter

175 2507 217 2575 26
238 2508 368 2581 nutriar,
390 2516 421 2565 et
435 2515 534 2566 restra
546 2509 669 2566 satiatus
684 2515 824 2586 protegar
836 2503 952 2578 umbra,

238 2626 355 2668 summa
368 2609 595 2686 mgistrorum,
616 2602 885 2686 prooemmdeouq
906 2599 1122 2677 uiitarorbia,

236 2710 379 2790 principis
391 2711 522 2789 auspioIo
536 2709 620 2788 leges
635 2719 665 2767 ot
676 2710 743 2767 iura
755 2706 935 2785 gubernans,

235 2812 366 2872 iustitiae
378 2807 508 2885 vindex,
536 2813 662 2891 inopum
673 2819 773 2890 pater,
798 2809 899 2866 omnia
912 2826 1023 2868 curam

235 2911 355 2972 iudioiis
368 2912 501 2971 relevare
514 2915 589 2992 piis,
612 2915 682 2993 quia
695 2926 821 2971 munera
833 2910 955 2984 temnis,

171 3019 214 3083 80
234 3017 351 3093 spernis
363 3016 534 3090 avaritiam,
558 3015 676 3074 fulvum
688 3015 758 3096 quia
771 3014 887 3091 respuis
899 3030 1017 3084 aurum,

233 3125 374 3197 quaestor
383 3118 542 3191 Anastaai,
562 3134 654 3197 quem
668 3114 779 3175 (ihrIsti
792 3133 918 3173 mamers
931 3111 1029 3171 fidum

232 3220 372 3297 oognorit
383 3220 522 3298 prinoeps
535 3220 715 3300 geminoque
730 3219 847 3275 ornavit
860 3214 986 3276 hmore.

234 3320 311 3379 felix
324 3330 369 3378 est
379 3329 458 3379 totus
470 3322 583 3379 lustino
595 3322 729 3400 principa
740 3316 883 3394 amundus,

231 3422 310 3481 felix
321 3418 398 3478 haeo
411 3429 511 3496 aetas,
535 3423 568 3479 in
584 3440 644 3501 qna
659 3421 813 3499 Sapientia
827 3428 955 3498 regnate

168 3523 211 3592 85
230 3525 334 3581 felices
343 3523 453 3601 popuii
467 3533 497 3581 te
513 3521 630 3597 indiae,
652 3541 728 3603 quos
743 3523 820 3580 faoi·
832 3524 900 3600 ipsa

230 3625 285 3684 sub
300 3622 428 3682 donnatis
442 3620 572 3701 gaudere
589 3626 659 3703 piis.
703 3623 883 3703 generaliter
897 3620 965 3680 orbi

230 3743 403 3806 quanquam
419 3719 594 3803 provideas,
613 3728 719 3785 mIseri
732 3725 903 3803 specialiter
913 3721 980 3782 Afri

227 3830 260 3887 in
271 3837 302 3886 te
314 3826 416 3887 oouios
434 3834 525 3905 atquo
539 3845 590 3884 ora
602 3827 719 3885 ierunt:
742 3827 805 3904 agit
818 3824 920 3884 Africo
936 3830 1046 3901 grates,

228 3941 259 3988 et
270 3940 400 3988 vestram
413 3930 474 3986 iam
487 3929 577 3986 sentit
590 3948 697 4006 opem,
719 3925 889 4007 gaudetque
901 3922 982 4007 quod
994 3919 1095 3999 ampla

164 4028 206 4093 40
228 4048 346 4108 semper
359 4027 509 4089 Anastasii
524 4029 656 4090 referunt
667 4030 773 4089 solatia
790 4029 880 4087 eires.

227 4149 278 4187 me
294 4149 414 4211 quoquo
430 4130 625 4209 gaudentem,
648 4140 839 4212 quaestorum
851 4124 1002 4192 maxime,
1025 4114 1130 4179 mida

229 4230 312 4314 quod
324 4234 409 4293 labor
424 4232 566 4308 urdenait,
589 4230 671 4315 quod
686 4232 774 4291 i'esaia
789 4225 915 4310 provida
929 4224 1022 4284 mosis
1103 4239 1108 4256 ·
