2750 4625
553 235 799 307 sennenn.
1123 260 1224 310 mn

117 403 194 466 olibi
214 411 295 477 erut,
320 408 354 460 ut
374 415 466 480 sumre
485 400 650 462 innuimus.
691 404 815 482 insuper
828 422 869 462 ex
883 419 958 464 mox
971 402 1069 470 ollulis
1084 406 1222 486 Procopii

117 506 219 566 uerbis
235 513 318 584 petet
333 495 499 564 Iohannem
511 524 574 564 non
586 506 736 564 traiecisse
753 507 785 564 in
804 504 989 581 Serdiniem,
1012 516 1046 564 ut
1061 508 1103 565 eit
1116 510 1219 567 Mure-

117 608 214 666 torlus
234 607 301 665 loco
322 608 428 680 citato,
450 603 505 664 sed
528 606 655 665 classem
670 616 789 664 tentum
801 608 874 665 illuc
890 610 1008 667 misius
1028 619 1130 666 contre
1144 611 1218 669 Got-

114 708 199 768 thos.
240 706 317 767 hoec
333 718 435 766 sutem
449 710 541 768 etiem
554 705 686 766 indicent
700 709 815 767 bellum
826 720 927 769 contre
941 713 1062 770 Mauros
1074 714 1136 770 ium
1147 733 1218 792 per-

115 812 232 870 lectum
243 811 354 885 fuisse,
375 820 410 868 ut
423 821 506 888 putet
520 830 640 891 quoque
655 831 696 868 ex
707 812 800 889 poulo
812 831 902 892 supra
917 816 1005 872 citeto
1022 835 1048 871 c.
1064 818 1102 879 17
1115 815 1186 876 libri
1197 816 1218 879 4

115 916 264 992 Procopii.
306 911 380 972 hinc
407 916 498 971 etium
521 912 715 972 statuendum
738 917 794 972 erit
814 915 929 973 bellum
951 912 1009 973 hoo
1029 917 1214 994 Africanum,

115 1014 199 1098 quod
220 1017 327 1074 cecinit
346 1017 490 1095 (iosippus
508 1025 626 1089 noster,
656 1013 899 1076 eccidisse'unno
919 1018 1032 1075 circiter
1053 1017 1132 1093 550,
1153 1039 1216 1078 non

36 1135 37 1148 ³
115 1139 187 1178 vero
210 1135 290 1177 nnno
309 1114 385 1193 547,
413 1129 447 1176 nt
466 1120 564 1176 innuit
584 1118 762 1191 Marcellus,
790 1139 847 1177 nec
863 1120 960 1178 multo
978 1121 1079 1177 minus
1098 1125 1215 1186 onno8

114 1223 232 1300 sisipoti
258 1221 442 1290 Iuctimons',
470 1219 568 1278 idest
588 1238 665 1278 unno
689 1218 770 1278 dom.
792 1219 868 1295 534,
901 1232 936 1280 ut
954 1221 1030 1280 falso
1051 1224 1215 1281 coniecerat

32 1347 33 1372 t
113 1325 277 1403 Pogginius
291 1324 324 1380 iu
336 1321 522 1401 praefatione
536 1319 575 1381 ed
589 1342 679 1380 suum
694 1323 856 1400 Corippum
869 1344 899 1401 p.
919 1326 965 1385 19.
1004 1331 1119 1380 constet
1133 1325 1213 1381 enim

30 1405 33 1464 i
112 1447 155 1486 cx
167 1429 279 1508 pluries
293 1427 383 1483 citnto
397 1426 534 1502 Procopii
549 1425 633 1498 loeo,
656 1441 749 1505 quem
761 1426 924 1502 Pogginius
945 1426 1010 1504 ipse
1025 1425 1117 1481 etium
1132 1434 1213 1483 sttu-

110 1529 207 1601 lerut,
225 1537 291 1606 post
311 1536 483 1586 revocatum
504 1546 544 1585 ex
557 1528 659 1588 Africo
673 1527 860 1585 Artabanum
875 1528 947 1585 illuc
960 1530 1088 1586 missum
1098 1523 1211 1584 Iohnn-

109 1650 196 1688 nem.
237 1649 339 1708 porro,
361 1638 394 1686 nt
411 1626 526 1686 ibidem
544 1631 585 1686 eit
604 1632 786 1708 Procopius,
813 1639 882 1707 post
903 1627 1027 1687 caedem
1047 1628 1211 1688 Gunterich

109 1735 240 1813 menni,
255 1747 347 1812 quum
356 1729 502 1790 -ooudisse
516 1731 645 1789 uffirrnut
656 1730 740 1789 idem
752 1729 910 1791 historicus
924 1734 1015 1811 poulo
1028 1751 1116 1809 supro
1131 1751 1209 1790 cuno

109 1837 227 1913 imperii
238 1835 396 1894 testimoni
412 1839 469 1908 19,
492 1831 602 1892 Christi
616 1853 726 1914 nempe
741 1831 814 1895 545.
858 1835 950 1901 etium
964 1831 1045 1913 apud
1057 1834 1209 1891 Marcelli-

107 1955 181 1995 num
200 1938 351 1998 Comitem
371 1939 404 1996 in
431 1934 576 1994 Clnum'co
595 1939 666 1996 sutis
686 1937 766 1994 clere
783 1933 976 2013 distinguitur
989 1933 1137 1995 lohurmes
1149 1955 1207 1995 no-

106 2049 166 2098 ster
186 2038 224 2097 ub
247 2039 359 2112 altero,
382 2055 451 2096 cum
470 2034 546 2098 heco
564 2039 617 2098 ille
640 2037 843 2097 adnotaverit:
867 2038 937 2096 Iud.
957 2038 994 2096 X
1013 2040 1052 2097 P.
1077 2040 1110 2097 0.
1137 2039 1207 2097 Bn-

104 2141 167 2199 siln'
186 2146 307 2206 anmfi
341 2139 459 2223 (idest
483 2139 593 2200 Christi
610 2140 694 2219 547)
730 2140 879 2198 Iohannes
904 2141 1047 2217 magister
1074 2139 1206 2199 militum

104 2243 236 2325 (nempe
259 2245 311 2302 ille
333 2259 425 2326 quem
440 2246 603 2325 Procopius
619 2243 691 2302 dicit
706 2244 847 2303 Vitaliuni
860 2263 901 2301 ex
914 2257 1014 2301 sorore
1027 2238 1145 2321 nepos)
1163 2242 1208 2300 ud

102 2349 230 2408 Italiam
240 2359 384 2428 properat
398 2391 406 2405 .
418 2391 427 2406 .
438 2391 466 2407 ..
481 2346 656 2406 Artabanus
674 2390 681 2405 .
695 2390 701 2405 .
715 2390 741 2405 ..
762 2345 932 2406 Guntan'ols
946 2345 1067 2415 occulit,
1088 2344 1204 2403 Iohan-

101 2472 171 2510 nem
190 2452 271 2511 idem
297 2451 431 2511 Stotsam
456 2452 602 2510 iunrorens
622 2452 757 2509 vinctum
776 2448 950 2507 transmittit
966 2446 1011 2503 ud
1018 2447 1199 2523 prinoipem.

95 2564 170 2631 poet
187 2553 360 2633 aliquantos
374 2555 437 2613 dies
452 2556 580 2612 mittitete
597 2555 630 2610 in
645 2550 792 2629 Africam
807 2548 958 2607 Iohannes
979 2544 1050 2626 (hic
1066 2557 1111 2603 est
1126 2554 1201 2624 poti-

97 2659 192 2715 meus
215 2659 308 2715 nostri
331 2654 459 2735 heros),
489 2667 518 2713 et
535 2652 712 2713 Artabanus
734 2661 871 2709 evocatus
883 2645 1073 2727 praesentale
1086 2650 1203 2724 occepit

97 2759 315 2837 magisteriam.
362 2759 432 2819 Iud.
448 2759 506 2817 XI
518 2760 558 2816 P.
579 2758 611 2815 0.
635 2754 781 2816 Bauttit
804 2746 1029 2833 (Christi548)
1052 2747 1201 2808 Iohannes

96 2862 243 2940 magester
271 2861 403 2921 mnam
433 2860 505 2939 (ille
534 2880 644 2939 nempe
672 2858 813 2918 Vitaliaui
838 2875 878 2912 ex
902 2871 1001 2912 sorore
1021 2850 1136 2931 nepos)
1166 2854 1200 2910 in

98 2966 304 3044 Camparu'om
311 2963 465 3042 praedans
483 2962 621 3032 Gonnos,
643 2958 804 3019 nonnrdloe
814 2956 923 3014 liberat
935 2964 1091 3013 cmotores.
1127 2965 1197 3011 ten·

95 3066 167 3127 dem
183 3068 257 3126 Ind.
275 3067 365 3127 XIV
380 3068 419 3124 P.
445 3066 478 3124 0.
503 3064 619 3123 Basiltt
638 3068 678 3127 10
700 3059 831 3142 (Christi
846 3054 928 3133 550)
949 3055 998 3114 Iris
1017 3054 1197 3135 tcmponbuo

91 3173 126 3228 in
147 3170 264 3249 Africo
284 3171 395 3229 Mauri
407 3189 466 3247 per
484 3167 651 3227 Iohannem
662 3166 830 3244 patricium
852 3160 1008 3239 (nostrum
1023 3176 1122 3217 rursus
1137 3155 1195 3216 he-

90 3270 203 3350 roem)
231 3273 435 3333 doeuteune.
489 3291 567 3352 quse
592 3281 696 3327 tumen
723 3264 773 3323 lric
799 3272 900 3321 narret
923 3259 1113 3318 Marcellinus
1137 3260 1194 3317 sols

89 3392 175 3447 mun
188 3372 251 3439 547
259 3419 271 3450 ‚
290 3395 353 3435 non
370 3377 472 3435 omniu
489 3372 658 3433 eocidenmt
673 3367 780 3428 eodem
793 3382 887 3425 enno:
907 3382 980 3420 nem
995 3380 1035 3420 ex
1047 3362 1194 3441 Procopio

88 3474 225 3535 vidimus
240 3496 318 3537 unno
330 3475 392 3541 645
407 3473 572 3537 Gunnrioh
587 3476 719 3535 occisum
732 3471 825 3529 fnisse
848 3468 885 3525 eb
899 3465 1063 3538 Artabane,
1087 3472 1194 3523 utnon

90 3580 176 3656 prius
196 3574 366 3641 Iohannem
386 3583 514 3655 missum
536 3578 628 3637 fuisse
647 3593 740 3656 quom
762 3570 926 3629 Artubnues
943 3564 1014 3625 inde
1037 3573 1191 3623 revocatus
1277 3596 1280 3601 ·
1339 3544 1341 3575 ⁴

89 3690 182 3739 met·
225 3700 326 3762 neque
347 3683 435 3741 nobis
456 3691 571 3741 constet
592 3676 699 3737 eodem
714 3694 791 3737 anno
811 3673 858 3729 vel
871 3669 1008 3750 sequenti
1019 3675 1191 3727 revocctmn
1337 3654 1339 3691 ³

86 3782 278 3843 Artabanum
296 3795 387 3867 etque
401 3786 448 3843 illi
462 3783 621 3844 suffectum
635 3777 800 3839 Iohannem
813 3776 913 3833 statim
925 3770 1028 3829 fuisse.
1070 3770 1134 3827 imo
1148 3785 1191 3825 ex

85 3903 182 3963 supra
196 3904 215 3943 a
225 3906 278 3947 me
292 3888 391 3949 allatis
404 3887 523 3948 videtur
534 3889 634 3964 potius
648 3879 738 3939 huius
754 3873 907 3953 expeditio
922 3873 955 3928 'm
969 3872 1102 3933 Africum
1115 3888 1189 3929 oon·

84 3990 194 4066 tigisse
213 3993 289 4049 uren
303 4010 417 4049 armum
427 3988 468 4053 24
482 3990 532 4047 vel
543 3986 583 4051 25
597 3986 716 4064 imperii
730 3978 895 4049 Iustiniani,
918 3971 950 4031 id
964 3983 1009 4032 est
1023 3991 1101 4032 enno
1115 3970 1189 4034 560·

177 4092 254 4151 cum
275 4105 377 4153 nutem
397 4112 445 4151 res
466 4100 565 4170 gestos
584 4091 617 4148 iu
638 4088 738 4149 Africo
758 4082 813 4142 sub
834 4079 998 4138 lustininno
1009 4092 1072 4133 nou
1084 4086 1189 4129 omnes

82 4204 264 4270 pertesum
276 4196 316 4256 sit
328 4196 508 4274 Procopius,
531 4195 584 4277 qui
603 4192 668 4249 fere
681 4200 732 4249 cas
746 4195 863 4246 tuntum
878 4181 969 4243 relert
982 4193 1060 4261 quoe
1079 4168 1119 4227 ad
1131 4186 1188 4227 ex-

16 4520 166 4543 -.-ῌ“--ν
