2750 4625
94 229 160 281 ern
537 205 756 277 uultum
881 255 884 264 -

92 380 184 439 mim
203 376 318 458 pallere
344 372 442 451 didet,
472 395 543 436 eum
567 371 900 436 wmubmfisuonem
920 370 1053 452 alium
1073 367 1193 432 &bae

100 479 246 541 esseutim
260 489 421 559 comaque
433 478 466 535 in
480 497 564 538 sacro
582 480 703 539 lavacro
724 473 859 536 adhibita
876 474 937 535 sibi
955 472 1067 554 fingere
1087 493 1195 537 mone·

100 586 188 658 bam,
209 580 244 640 id
257 601 327 641 vero
340 581 394 638 vix
405 581 439 637 in
452 578 654 641 charum
663 578 782 640 cadere.

14 712 41 767 p.
57 691 86 749 X
185 687 267 744 llaec
287 680 453 742 meditabar
471 684 627 764 Sangalli,
647 682 772 744 Sidonio
794 677 1005 741 Sirmondiano
1019 679 1195 758 destitutm3

101 809 194 874 quem
206 790 233 848 si
243 785 390 865 inspicere
403 789 578 866 potuissem,
592 797 656 846 tota
668 785 885 866 argumentatio
899 781 1086 845 concidisset.
1128 803 1197 845 aar·

102 912 176 952 mear
196 890 279 950 euim
296 887 486 947 Merobaudis
507 887 545 949 de
566 887 683 950 cbristo
702 898 820 947 exstare
844 884 931 946 docet
943 884 1198 947 uoueamasilla

102 991 222 1055 Sidonii
235 998 396 1049 ersarrator.
437 989 472 1050 id
484 989 543 1052 hoo
553 990 665 1051 indicio
677 991 766 1051 facile
777 993 809 1048 in
820 989 948 1048 Fabricii
962 990 1135 1049 collectione
1148 992 1199 1049 in·

104 1094 191 1168 veui,
214 1092 391 1170 inscriptum
409 1092 606 1152 Merobaudis
624 1095 764 1172 Hispani
786 1091 983 1151 delastior':
1008 1112 1097 1172 porro
1118 1091 1200 1153 himo

105 1197 229 1257 titulum
241 1196 275 1253 in
286 1196 487 1255 venustissimo
502 1196 590 1273 libro,
613 1215 653 1254 ex
667 1214 727 1276 quo
740 1195 893 1254 Fabricius
907 1214 939 1255 se
952 1192 1040 1254 edere
1052 1194 1134 1273 dicit,
1157 1200 1201 1257 ita

106 1300 253 1379 scriptum
271 1297 437 1372 exstitisse,
456 1317 547 1357 nemo
571 1295 729 1378 dubitabit.
770 1294 854 1355 idem
873 1308 975 1356 tamen
994 1306 1103 1378 poema
1122 1302 1201 1360 inter

109 1399 266 1462 Claudiani
285 1418 411 1481 quoqne.
422 1403 638 1481 epigrammata
656 1407 757 1458 exstat
776 1392 912 1481 (“proles
925 1420 997 1460 vera
1011 1395 1118 1482 dei¹'),
1142 1406 1203 1466 sei-

108 1505 180 1564 licet
192 1521 289 1562 unum
301 1521 343 1560 ex
355 1511 495 1583 quattuor
508 1503 578 1563 illis·
586 1502 766 1563 carminibus
786 1519 862 1581 quae
877 1504 922 1559 Io.
939 1504 1060 1564 Camers
1074 1503 1202 1582 addlffit,

109 1625 198 1666 nemo
212 1606 291 1663 alius
304 1602 464 1681 hactenus,
486 1623 580 1688 quum
598 1606 722 1686 plurimi
733 1606 767 1662 in
779 1600 966 1664 conferendis
979 1605 1136 1666 Claudiam
1150 1628 1204 1667 oo-

109 1708 227 1770 dieibus
247 1707 425 1781 laborarint,
446 1708 480 1766 iu
496 1709 614 1788 scriptis
630 1707 715 1765 libris
729 1707 859 1781 invenit3
879 1724 915 1763 ac
934 1723 1007 1764 saue
1024 1706 1089 1766 fieri
1106 1721 1206 1789 poten

110 1823 146 1872 ut
155 1813 277 1872 Camers
287 1830 350 1869 uon
365 1807 473 1870 codicis
491 1813 664 1871 auctoritate
678 1807 733 1872 sed
747 1811 931 1883 coniectura,
951 1819 1074 1888 propter
1085 1830 1206 1872 cannen

111 1912 281 1990 Paschale,
297 1908 378 1994 quod
397 1910 555 1973 Claudiani
573 1933 637 1973 esse
654 1910 830 1987 crediderit,
851 1920 951 1969 motus
964 1913 1011 1970 illi
1025 1910 1207 1976 adscriberet

112 2036 190 2099 quae
205 2035 276 2075 eum
288 2024 439 2074 auctorem
452 2013 564 2076 lrabere
574 2026 737 2099 nequeunt.
768 2015 919 2074 Fabricius
932 2014 1118 2076 luculentum
1129 2016 1208 2078 illud

113 2139 235 2179 cannen
249 2137 267 2178 a
280 2118 417 2178 camene
434 2117 548 2180 editum
562 2140 637 2196 esse,
655 2117 783 2178 editores
798 2115 955 2176 Claudiani
969 2120 1066 2176 ermeli
1078 2118 1121 2197 id,
1139 2139 1210 2181 omn

113 2241 176 2281 non
191 2219 359 2302 spernenda
370 2220 505 2283 lectionis
519 2226 678 2300 varietate,
702 2218 784 2303 apud
797 2221 966 2280 Fabricium
983 2221 1129 2299 iunmri,
1151 2242 1209 2303 pa-

115 2327 187 2385 rlter
204 2328 426 2404 ignoraverim.

200 2421 297 2487 fluitis
317 2429 409 2506 igitur
427 2439 492 2488 tam
511 2432 663 2491 manifesti
677 2450 712 2490 ac
724 2449 787 2491 nou
800 2431 930 2512 suspecti
941 2430 1105 2492 testimonii
1119 2426 1211 2489 fidem

115 2530 355 2590 cavillationibus
378 2532 495 2592 elevare
511 2534 590 2594 velle
613 2535 678 2594 viro
700 2536 783 2614 gravi
801 2532 961 2613 indignum
975 2534 1070 2593 foret:
1090 2534 1164 2592 nam
1176 2543 1212 2592 ut

115 2635 214 2694 inesse
232 2633 357 2692 camini
370 2652 446 2714 quae
458 2654 567 2714 pamm
581 2634 781 2695 orthodoxam
794 2639 965 2717 opinionem
974 2636 1119 2718 prodant,
1134 2638 1212 2697 Ges-

116 2754 190 2795 nerc
214 2733 425 2810 concedamus,
454 2735 607 2795 ethnicum
630 2736 815 2799 Christianae
836 2740 989 2821 religionis
1009 2742 1150 2820 mysteria
1169 2741 1213 2796 ita

118 2848 255 2898 accurate
267 2847 424 2912 tractasse,
441 2855 518 2917 quae
532 2836 649 2895 Burthii
661 2841 762 2917 opinio
777 2851 821 2899 est
837 2839 934 2920 (Λᾶν.
950 2846 965 2904 1
983 2846 1038 2918 7),
1057 2857 1213 2918 nunquam

108 2942 206 3002 <uobis
225 2935 398 3020 persuaderi
412 2939 556 2998 sinemus.
599 2942 718 3019 Itaque,
741 2938 821 3021 quod
835 2961 930 2999 snum
943 2951 1094 3020 superest,
1115 2940 1214 2998 fetea-

118 3046 202 3120 r'rtur,
230 3060 414 3125 quamquam
433 3024 495 3100 nou
513 3043 578 3100 siue
599 3051 735 3119 stupore,
765 3039 957 3100 statuendum
974 3061 1043 3102 esse
1064 3045 1214 3103 exstitisse

118 3147 177 3206 sub
196 3149 299 3205 Leone
318 3163 428 3224 magno
448 3143 586 3224 pontifice
606 3140 806 3218 Christianos,
828 3144 881 3224 qui
899 3163 993 3225 quum
1007 3145 1044 3203 ab
1059 3147 1213 3226 impietate

120 3249 212 3330 longe
240 3248 394 3322 abessent,
421 3244 617 3305 nihilominus
638 3242 787 3327 quaedam
807 3263 847 3302 ex
863 3245 924 3303 illis
944 3250 1117 3310 criminibus
1137 3271 1214 3333 quae

122 3353 250 3409 sudores
269 3351 302 3408 iu
320 3349 413 3408 fidem
433 3346 633 3408 Christianam
658 3348 789 3407 conferri
812 3347 1046 3428 indignabantur
1062 3371 1117 3431 pro
1136 3354 1216 3411 veris

122 3450 329 3527 admitterent,
352 3463 441 3535 atque
454 3454 608 3510 incorum
621 3469 747 3511 numero
763 3470 828 3510 esse
845 3451 1071 3513 Merobaudem.

207 3556 335 3615 Carmen
354 3551 435 3635 quod
454 3555 533 3611 inter
554 3571 645 3631 opera
666 3550 823 3611 Claudiani
845 3554 976 3614 relatum
988 3557 1080 3636 vulgo
1095 3556 1219 3616 obvium

25 3669 52 3723 P·
68 3648 108 3705 ΧῙ
124 3666 186 3734 est,
202 3655 313 3717 addere
326 3675 387 3714 non
399 3656 531 3735 placuit:
554 3675 605 3747 eos
618 3675 691 3715 vero
704 3656 812 3736 quibus
828 3655 1004 3738 adscriptos
1019 3657 1136 3719 codices
1151 3655 1218 3717 adi-

124 3771 173 3821 tus
193 3769 292 3840 patet,
315 3775 386 3837 rogo
403 3755 563 3839 hortorque
578 3768 613 3816 ut
628 3770 770 3840 quattuor
782 3761 836 3818 illa
852 3764 984 3821 canuiua
997 3780 1074 3842 quae
1089 3758 1219 3818 Camerti

126 3861 272 3923 debenbrr
300 3860 427 3921 sollicite
457 3871 617 3940 quaerant,
654 3882 695 3921 ex
721 3863 829 3945 quibus
857 3861 986 3923 duticha
1006 3860 1045 3922 de
1065 3862 1220 3921 miraculis

126 3963 238 4025 Christi
251 3965 363 4044 pariter
376 3959 592 4022 Merobaudem
601 3975 738 4024 nostrum
751 3977 904 4026 auctorem
919 3965 1030 4026 babere
1043 3964 1132 4026 valde
1148 3984 1220 4045 pro-

127 4069 226 4129 babile
246 4078 301 4128 est.
342 4067 406 4141 imo
427 4062 513 4124 idern
531 4063 569 4124 de
589 4071 720 4127 carmine
738 4066 878 4129 Paschali
887 4072 1037 4151 suspicor:
1056 4079 1088 4128 at
1101 4083 1221 4127 carmen

127 4168 168 4261 de
183 4173 311 4233 Hercule
323 4192 446 4255 prorsus
460 4169 611 4233 diversum
625 4168 757 4234 colorem
770 4169 872 4233 babet.
