2750 4625
422 359 697 432 tonsttutnos·
714 365 793 433 LIB.
817 369 859 436 V.
1115 372 1185 444 111

173 526 291 585 ossibus
305 545 376 585 arra
391 528 470 603 suis,
491 533 594 609 magni
609 530 718 592 virtute
731 530 873 593 Iohannis

173 648 252 709 quae
263 626 355 687 modo
370 628 465 688 fracta
481 632 590 691 iacent.
633 620 732 693 celsas
743 633 931 715 Carthaginis
947 656 1030 699 arces

88 729 152 793 185
174 730 319 799 Carcasan
337 728 443 790 ductor
457 735 578 812 populis
593 738 802 797 comitantibus
816 740 894 800 citus

174 852 230 910 per
241 830 356 891 medias
367 833 446 907 ibat,
466 844 539 894 tunc
554 855 623 895 cum
637 843 751 899 cervice
763 842 856 899 recisa

175 934 303 993 infixum
315 932 414 1014 rigido
430 934 505 994 vidit
520 948 609 1017 caput
621 939 724 999 Africa
740 951 837 1001 conto.

101 1034 105 1043 '
216 1038 326 1095 MeutIs
341 1039 427 1117 inops
442 1040 572 1097 nimium
587 1046 737 1120 responsis
754 1043 825 1105 fisus
841 1046 953 1128 iniquis

173 1133 295 1195 horrida
310 1138 390 1197 bella
406 1149 502 1219 parat.
546 1139 714 1204 discurrens
728 1146 810 1203 sama
824 1165 879 1226 per
894 1168 997 1207 omues

92 1239 154 1303 190
175 1241 205 1297 it
213 1241 356 1320 populos,
377 1260 503 1321 regnum
516 1245 622 1301 cecinit
632 1243 715 1325 quod
729 1248 867 1324 gentibus
879 1252 1021 1313 Ammon.

175 1353 337 1401 excurrunt
350 1344 461 1404 celeres
474 1343 579 1404 calidis
594 1365 611 1404 a
624 1348 763 1427 Syrtibus
775 1351 852 1426 alae,-

175 1444 361 1526 invitantque
375 1446 454 1506 feras
467 1451 552 1527 regni
564 1450 618 1508 sub
631 1452 763 1530 imagine
776 1463 892 1531 gentes.

177 1544 301 1605 barbara
313 1549 399 1607 turba
413 1552 487 1623 ccit3
509 1554 641 1612 numeris
658 1565 783 1633 augetur
796 1564 826 1612 et
839 1556 941 1615 armis.

178 1658 248 1707 tunc
264 1652 380 1731 equites
395 1649 513 1730 pedites
526 1666 688 1734 quaerunt,
713 1657 841 1737 altisque
855 1658 976 1719 camelis

92 1748 154 1816 195
176 1752 348 1811 Maurorum
361 1756 414 1834 qui
426 1772 510 1813 morte
523 1753 638 1816 sedent.
680 1778 737 1816 nec
753 1759 835 1818 sulus
850 1761 984 1839 liasguas

177 1863 229 1910 sut
242 1863 345 1933 gentes
358 1865 491 1930 tantum,
517 1870 642 1936 egerunt
655 1860 842 1941 quaebelia,
863 1866 978 1942 priores

178 1975 343 2015 convenere
358 1957 432 2032 sibi,
453 1956 508 2015 sed
520 1960 547 2018 si
562 1962 629 2041 quis
645 1962 761 2042 Syrtica
776 1982 845 2021 rura

176 2077 264 2138 asper
277 2070 341 2118 arat
356 2063 523 2135 Nasamon,
545 2064 572 2120 si
586 2065 654 2143 quis
668 2063 895 2124 Garamantidcs
910 2067 989 2127 arvis

176 2164 332 2241 proximus
350 2181 420 2220 arva
438 2163 525 2236 colit,
547 2166 667 2243 pinguis
682 2168 735 2247 qui
748 2169 883 2246 margine
895 2168 957 2226 Nili

89 2266 156 2330 200
176 2273 281 2344 stagna
294 2264 418 2340 bibunt,
439 2283 548 2325 venere
562 2269 629 2327 viri.
672 2271 740 2350 qais
754 2268 853 2330 dicere
867 2278 972 2349 gentes

176 2377 228 2425 aut
241 2386 398 2425 numerare
413 2364 526 2447 quenti
569 2387 709 2430 numeres
722 2384 774 2431 aut
787 2374 925 2453 aequoris
940 2370 1037 2432 trudas

175 2470 346 2528 nimborum
362 2480 414 2528 aut
427 2480 541 2549 guttas,
569 2481 621 2529 aut
635 2483 762 2553 quantas
776 2475 847 2532 litus
862 2492 967 2532 arenas

176 2572 280 2648 alluit,
301 2581 353 2629 eut
363 2572 488 2652 pelagus
500 2574 597 2651 pisces
609 2583 661 2631 aut
672 2585 750 2633 terra
761 2574 897 2634 volucres

173 2676 274 2734 'omnis
288 2671 395 2749 habet,
416 2676 515 2732 varius
529 2684 603 2755 quct
615 2676 712 2754 gignit
725 2693 847 2756 campus
860 2677 966 2734 aristus

89 2776 155 2845 206
175 2796 246 2836 rere
260 2796 354 2851 noro,
376 2775 425 2834 vel
438 2786 534 2834 totum
548 2786 655 2834 ornant
667 2787 740 2857 quot
753 2777 851 2837 sidera
866 2778 994 2837 caelum.

218 2880 337 2939 Viribus
349 2876 421 2936 inde
436 2881 499 2938 suis
512 2877 661 2937 bellorum
674 2878 779 2939 ductor
793 2899 882 2939 arens

176 2999 315 3040 ucumm
326 2980 494 3061 sortemque
507 2991 630 3059 putens,
652 2984 812 3042 simulacra
824 2984 947 3041 novavit
1029 2981 1032 2984 ’

176 3083 337 3163 signaque,
360 3093 390 3142 et
403 3085 547 3141 extremis
559 3086 637 3143 scies
650 3087 810 3145 commorit
825 3085 862 3143 ab
877 3087 948 3158 cris,

175 3186 245 3265 plus
257 3186 345 3244 solita
358 3186 467 3242 virtute
479 3185 627 3262 fremens,
650 3205 685 3246 ac
698 3189 796 3268 pergit
807 3188 841 3245 in
858 3184 986 3246 hostem.

88 3291 155 3354 210
176 3289 273 3346 victus
289 3298 322 3346 ut
334 3288 488 3346 Herculeis
501 3289 633 3347 Antaeus
645 3307 735 3368 saepe
749 3288 867 3347 lacertis

177 3400 313 3449 contacta
324 3390 443 3469 lapsum
455 3390 611 3469 reparabat
625 3409 732 3470 corpus
745 3409 845 3465 arena,

77 3527 88 3542 -
176 3502 283 3570 sponte
299 3489 423 3567 cadens,
445 3493 540 3550 victor
556 3490 652 3552 donec
666 3490 845 3574 Tirynthius
862 3500 957 3548 artem

176 3601 339 3678 nosceret„
350 3602 380 3650 et
392 3594 518 3652 summis
532 3596 708 3675 complexus
722 3595 835 3654 viribus
849 3590 968 3653 hostem

175 3705 345 3775 prensasset
360 3714 489 3776 promam
503 3715 571 3754 cum
582 3715 694 3776 magno
707 3695 840 3777 pondere
857 3713 973 3775 corpus,

87 3796 153 3864 215
175 3808 297 3877 guttura
309 3818 399 3859 saera
412 3815 567 3879 premens:
589 3809 623 3856 ut
634 3809 745 3857 terram
756 3809 879 3877 tangere
893 3806 1021 3854 matrem

176 3917 239 3958 non
251 3903 365 3979 potuit,
386 3903 495 3961 victrix
510 3901 613 3962 miseri
624 3921 706 3961 murs
720 3900 835 3959 lumina
851 3899 974 3959 clausitt

90 4115 143 4172 185
160 4114 265 4171 urtbss
285 4133 319 4172 sn
340 4121 366 4174 Τ
473 4122 523 4177 186
539 4117 587 4172 ibit
604 4119 637 4173 M
745 4120 793 4175 191
810 4117 896 4170 alar
995 4116 1046 4170 192
1060 4114 1143 4185 reguis
1162 4116 1188 4168 t·

90 4185 144 4239 197
160 4186 182 4238 a
199 4187 276 4256 qus]
292 4187 351 4258 qut,
370 4189 408 4256 r,
428 4188 540 4260 quaqua
554 4188 584 4241 n
687 4181 737 4242 19⁸
752 4186 1021 4256 upaaamaamr
1119 4185 1185 4238 cu.

88 4251 195 4322 siquis]
212 4257 339 4325 aequius
388 4265 399 4270 “
421 4255 657 4311 connumerant.
681 4271 830 4308 uramara
842 4254 976 4305 temni
1061 4252 1113 4305 212
1130 4264 1186 4307 ter-

86 4320 187 4375 riutaas
200 4323 226 4376 Τ
327 4324 380 4381 214
395 4325 548 4398 patrasset?
564 4324 816 4394 rescripturus
829 4339 883 4392 qua
895 4309 1154 4471 ostaticum&

136 4417 238 4475 stent.
258 4426 285 4477 ct
306 4420 368 4476 Gor.
