2750 4625
419 269 478 338 DE
501 269 709 340 muamus
733 270 903 353 lustau.
1137 275 1213 350 305

197 457 229 500 r.
257 441 288 504 1.
334 435 458 496 silvam.
499 436 637 496 imitatus
670 444 717 496 est
750 437 887 499 Caelium
918 434 1078 501 Sedulium
1115 443 1216 505 civem

112 540 233 602 meum,
254 524 308 605 qui
322 524 355 581 in
367 543 421 582 sua
435 524 641 582 invocatione:
667 523 837 605 ulvamque
851 533 1006 604 mmm
1027 528 1214 608 mgredimr,

112 609 233 689 αΙίφιω
251 611 331 667 nitor
350 611 648 687 montegnetum.
671 609 814 669 Dsursr.
855 609 936 670 εἰίνα
955 609 1157 673 inordinatam
1181 625 1212 675 at

112 696 214 754 minus
236 691 409 754 distinctam
433 691 586 775 quandam
610 693 729 774 copiam
750 691 883 755 denotat.
923 695 1009 756 locus
1022 698 1151 779 *Corippi
1172 715 1217 761 ext

111 778 269 839 Theocriti
281 777 391 860 Idyllio
411 780 444 837 in
461 776 568 838 laudea
581 779 747 838 Ptolemaei
764 778 919 841 trsdncbu
933 779 1068 844 videturt
1089 786 1116 842 is
1131 786 1223 844 euim

112 883 180 925 sese
192 866 334 944 Egnatori
350 872 503 943 comparat
522 865 555 925 in
567 865 676 924 silvam
688 862 815 926 densam
831 867 931 944 eunti,
952 868 1002 928 cui
1014 870 1087 929 satis
1100 868 1215 952 ubique

111 953 267 1010 materiae.
301 951 428 1009 Birra.

197 1049 230 1116 4.
273 1048 465 1111 scribendum
491 1048 617 1111 arbitror
630 1051 742 1130 perure
758 1053 896 1114 morerer
930 1053 1113 1136 generaliter
1128 1053 1213 1115 enim

110 1136 332 1218 iamloquitur‚
363 1156 439 1197 mox
457 1138 614 1218 speciatim
624 1134 663 1197 de
676 1156 711 1197 se
724 1138 800 1219 ipso.
821 1142 948 1200 Basra.
990 1142 1090 1199 Ruricii
1104 1140 1212 1201 lectio·

110 1240 185 1281 nem
204 1219 426 1282 irmnutandam
444 1240 507 1282 non
527 1242 594 1282 esse
611 1241 729 1283 oensem
770 1226 844 1284 Hor.
861 1224 882 1289 4
899 1230 940 1301 22
960 1242 1083 1303 operosa
1091 1245 1211 1304 parcus

1 1372 4 1387 1
110 1306 359 1388 carmirrufingc.
404 1327 493 1388 porro
508 1327 549 1367 ns
571 1303 722 1368 adsentior
741 1308 865 1389 quidem
877 1307 1002 1370 Barthio
1021 1308 1132 1370 dicenti
1151 1308 1213 1370 laea

110 1409 233 1452 cannen
253 1412 319 1453 esse
336 1391 552 1452 dedicationem
569 1393 762 1473 aequantium
782 1395 927 1454 librorum
950 1393 988 1454 de
1002 1394 1143 1457 laudibus
1155 1400 1210 1457 lu·

110 1479 194 1542 atini.
236 1475 571 1539 ainummendationem
585 1477 677 1555 dicas,
697 1498 760 1539 non
773 1481 883 1539 abnuo.
924 1481 1025 1542 Fusa.

195 1578 242 1646 6.’
271 1580 460 1661 numeratu]
479 1579 606 1640 modum
619 1591 715 1640 notat.
737 1582 781 1659 sio
796 1581 954 1662 aliquoties
967 1585 1001 1642 in
1012 1580 1124 1643 h'bellis
1135 1580 1212 1663 ipsis

109 1663 228 1726 locutus
243 1675 289 1726 est
302 1668 462 1725 Horatiust
490 1668 591 1724 metiri
607 1686 639 1725 sc
653 1685 798 1746 quemque
810 1686 865 1724 auo
878 1664 999 1727 modulo
1017 1667 1056 1726 ae
1062 1668 1144 1747 pede
1155 1688 1210 1728 aa·

110 1771 181 1810 rum
195 1761 251 1825 est;
273 1747 355 1833 quod
366 1747 484 1810 alludit.
505 1752 631 1810 Basra.
674 1749 861 1811 abundantes
883 1761 913 1811 ct
933 1753 1090 1813 effluentes
1101 1750 1210 1813 laudes

109 1838 184 1897 satis
196 1835 336 1896 indecore
351 1834 522 1914 transfusas
541 1834 635 1913 dixit,
663 1855 837 1894 mensuram
858 1846 992 1898 statuens
1014 1840 1099 1897 velut
1120 1838 1211 1899 rebus¹

109 1922 213 1983 fluxis.
255 1922 332 1981 etin
346 1922 456 1980 talibus
470 1932 550 1981 caret
563 1918 621 1980 hoo
634 1939 730 1999 genus
743 1919 867 1997 iudicio,
888 1922 942 1982 ubi
955 1926 1095 1983 acumina
1108 1930 1210 1983 trans·

107 2008 258 2066 lationum
272 2008 362 2066 etiam
377 2025 395 2065 a
408 2006 544 2065 futilibus
558 2006 646 2065 rebus
659 2005 787 2068 affectat.
808 2007 934 2065 Basra.
976 1999 1114 2067 similitor
1127 2006 1210 2089 apud

107 2093 242 2152 Plinium
259 2094 298 2156 12
315 2096 355 2159 17
371 2094 412 2157 39
426 2111 563 2170 cupresso
567 2092 677 2172 ferrae,
697 2090 758 2151 hoc
773 2099 819 2150 est
831 2109 987 2171 expasaae.
1028 2089 1129 2152 Foco.

194 2196 226 2261 6.
267 2212 340 2252 usus
361 2203 406 2252 est
426 2194 576 2273 participii
593 2212 635 2253 ex
654 2192 747 2251 meris
761 2191 868 2249 litteris
881 2191 992 2270 petitus
1004 2193 1057 2251 val
1068 2191 1106 2252 de
1118 2211 1208 2272 grae-

108 2298 236 2426 qqppn
257 2276 313 2339 sed
325 2275 444 2360 phrasis
455 2297 540 2340 sacra
554 2280 587 2338 iu
599 2275 658 2338 hoe
669 2285 787 2396 auctore
802 2274 928 2358 singulis
940 2275 1059 2359 paginis
1072 2284 1207 2360 apparet.

194 2470 227 2531 7.
267 2476 328 2524 stat
338 2465 456 2547 smilis
476 2462 582 2546 orbor]
614 2463 735 2526 iconam
758 2465 850 2525 istam
876 2461 1060 2546 expressisse
1087 2460 1212 2525 videtur

110 2556 200 2630 poeta
214 2568 254 2609 ex
267 2550 426 2631 prophetia
437 2553 572 2610 Danielis
586 2570 613 2610 c.
626 2549 660 2614 4.
699 2551 872 2631 prolapsam
882 2545 1056 2610 huiusmodi
1069 2549 1207 2609 arborem
1338 2603 1344 2616 ,

111 2634 252 2695 describit
264 2635 343 2695 infra
363 2638 382 2702 1
402 2639 480 2713 228,
508 2638 541 2695 in
554 2637 708 2695 mentione
720 2639 825 2696 mortis
837 2636 1005 2696 Iustiniani.
1028 2636 1123 2694 Rrrr.
1165 2653 1208 2693 ex

109 2720 165 2779 illo
179 2722 310 2780 Maronia
323 2731 385 2781 ast:
456 2741 667 2802 uentorumque
680 2721 763 2794 Ioci,
781 2742 860 2803 quae
872 2719 1139 2800 maximasrcndct
1152 2738 1207 2779 at-

108 2804 222 2866 aculus.
265 2803 395 2866 aaran.

194 2910 227 2973 8.
267 2928 432 2968 sucronem.
475 2917 612 2967 veterum
624 2908 865 2987 superstitionem
876 2908 1026 2988 insignem
1038 2906 1071 2964 in
1085 2905 1209 2965 amores

109 2993 254 3074 lucosque
274 3013 364 3053 namo
386 3002 432 3062 est
456 2994 509 3075 qui
528 2996 654 3072 ignoret.
698 2995 797 3052 Tacit.
820 2995 930 3054 Annei.
952 2994 1011 3058 14:
1039 2993 1131 3049 morbi
1142 2990 1207 3048 luci

110 3079 208 3137 saevis
222 3077 479 3157 superstitionibus
493 3080 586 3140 sacri.
628 3097 774 3158 magnum
796 3080 917 3139 conside
938 3078 1094 3157 lipsium,
1112 3093 1207 3157 quam

110 3182 172 3221 non
186 3165 333 3223 encribo.
375 3165 467 3244 Apul.
481 3164 610 3243 Apolog.
627 3169 662 3228 1=
692 3164 815 3223 nullum
830 3167 863 3224 irs
879 3162 957 3223 villa
970 3165 1033 3220 eius
1046 3158 1206 3220 delubrum

110 3250 216 3318 cuum,
230 3247 335 3306 nullus
347 3247 430 3313 locere
440 3261 496 3307 aut
508 3249 596 3307 lucus
609 3260 805 3316 comentatus.
849 3258 1004 3328 receptum
1013 3244 1094 3304 huno
1105 3244 1206 3304 aGal⁴

109 3333 150 3393 lis
161 3336 253 3392 ritum
264 3334 427 3415 loquuntur
440 3333 579 3409 Dmides,
602 3353 620 3393 a
635 3335 793 3393 Germanis
806 3344 909 3414 auctor
921 3334 1045 3391 Tacitus
1058 3329 1095 3389 de
1109 3331 1207 3389 mori-

110 3417 301 3494 busentum,
323 3416 643 3492 sandrococtus
657 3420 711 3478 lib.
727 3422 767 3484 δι
786 3418 978 3496 deoeputarrt
993 3414 1139 3497 quicquid
1153 3435 1207 3474 co-

111 3503 171 3562 lere
183 3515 353 3584 coeperunt,
375 3502 495 3563 arborea
509 3506 654 3575 maxim,
672 3524 750 3583 qrres
764 3504 877 3564 nichea
889 3503 987 3582 nesae.
1032 3498 1069 3560 de
1089 3503 1205 3560 Roma-

109 3591 157 3648 nis
170 3592 238 3671 quis
252 3598 374 3672 quaeret
391 3586 553 3668 exemplat
583 3590 679 3647 multa
698 3587 777 3647 mihi
797 3587 875 3647 dicta
895 3587 933 3647 ad
954 3583 1033 3645 illud
1046 3583 1206 3645 Claudiani

111 3672 148 3733 de
161 3671 244 3734 laud.
259 3672 376 3738 Stilich.
396 3680 432 3741 1:
460 3673 602 3755 lucaeque
619 3684 736 3732 venata
753 3674 896 3755 religione
917 3665 1026 3743 nucea,
1055 3682 1083 3730 et
1096 3670 1204 3730 rubore

110 3762 243 3819 munzun
256 3762 361 3819 instar.
406 3757 485 3819 addo
507 3757 557 3818 hic
577 3768 710 3837 tantum,
737 3760 770 3817 in
785 3759 920 3818 fontibus
936 3755 1143 3834 altitudinem,
1168 3757 1204 3813 in

110 3844 185 3905 lucis
199 3848 377 3925 opacitatem
387 3855 532 3906 terrorem
543 3846 577 3903 in
589 3846 698 3903 animis
711 3848 873 3924 agrestium
885 3841 1073 3924 produxisse,
1090 3859 1203 3922 exque

110 3931 241 4009 primum
259 3929 383 4013 quidem
403 3930 618 4005 consumatio,
652 3949 728 3989 mox
751 3933 917 3990 reverentia
940 3940 970 3989 et
991 3929 1093 3988 cultus·
1108 3935 1206 3988 ortus.

109 4025 227 4094 praeter
239 4017 385 4076 Senecam
397 4017 537 4077 Serrium
551 4035 586 4075 ac
597 4016 728 4076 Statium
735 4014 918 4076 Mentiris
926 4017 959 4073 in
969 4008 1144 4095 Symmseh.
1165 4009 1178 4072 i
1191 4025 1210 4072 t.

110 4120 185 4181 quos
194 4121 287 4178 perses
298 4121 383 4161 amne
394 4094 515 4161 sacrum
527 4112 583 4173 est,
605 4100 890 4183 quicquidfimnido
901 4094 1088 4158 'eorundum
1098 4112 1203 4155 suase-

109 4187 159 4245 rit.
204 4187 302 4249 Valer.
313 4188 411 4246 Flaco.
423 4190 587 4267 Arg'unaut.
601 4190 639 4250 8:
661 4198 753 4267 utque
765 4198 877 4247 mauro
889 4202 1057 4263 maremque
1072 4181 1136 4238 loeo
1150 4199 1203 4237 sa-

110 4292 252 4354 crumque
266 4274 392 4354 quartem
407 4273 537 4335 eddidit.
582 4271 640 4333 sil.
654 4274 722 4336 tul.
740 4276 781 4351 2,
811 4268 1003 4351 corrigendus
1015 4267 1077 4328 tevi
1090 4281 1203 4326 manu:
