2750 4625
522 291 768 363 manino,
1124 317 1190 368 uxr

63 461 178 522 uiuus
191 458 341 541 triginta.
379 456 616 522 hmosnnorum
627 457 1189 544 supputationemmihiprseststtem-
1269 495 1272 501 ·

65 583 125 642 pus
144 582 220 645 qno
235 562 335 623 hosce
348 562 440 623 libum
454 561 543 623 odera
554 568 667 645 potuit,
689 575 720 625 et
729 576 851 643 tempus
868 583 928 645 quo
942 568 1044 647 scripti
1059 586 1124 628 csse
1137 570 1187 629 vi-

67 663 195 724 dentur
214 667 293 725 libri
312 664 351 726 ils
370 664 509 726 laudibus
529 667 647 727 lustiui.
688 666 777 726 bellis
798 667 880 724 euim
898 667 1019 747 Libycis
1037 667 1187 734 Iohannes

66 769 236 828 Patricius
251 768 346 828 finem
356 771 513 849 imposuit,
537 771 590 851 qui
602 778 718 829 creatis
731 780 777 829 est
788 769 921 828 rnilitum
931 771 964 828 in
975 771 1077 831 Africa
1086 777 1188 854 magi-

68 878 137 929 ster
152 872 229 930 siue
249 877 386 930 consorte
401 891 480 931 anno
496 873 516 936 8
534 872 654 951 imperii
668 872 842 944 iustiniani3
864 889 923 952 qua
940 869 978 930 ‹lc
995 894 1027 934 re
1043 875 1187 938 antehoc

69 981 206 1052 ternpus
225 970 316 1032 houd
335 972 425 1052 plane
442 974 540 1054 potuit
560 972 650 1032 edere
667 974 813 1053 corippus
830 972 923 1031 libros
941 992 1011 1034 suos
1026 973 1064 1035 ds
1076 975 1187 1038 iisdem

72 1073 172 1134 bellis
187 1073 268 1134 huie
281 1073 411 1135 Iohanni
423 1085 623 1156 nunurpctos5
644 1093 744 1156 neque
758 1084 804 1135 est
815 1075 977 1134 vernantis
991 1095 1042 1137 eos
1057 1076 1186 1140 edidisse

73 1188 150 1257 post
171 1178 309 1257 longum
324 1186 455 1260 ternpus.
495 1194 583 1259 porro
597 1196 667 1237 cum
678 1178 860 1237 lastinianus
872 1178 915 1235 ll.
928 1178 1120 1257 imperaverit
1130 1199 1187 1240 an-

25 1327 26 1338 ,
74 1281 128 1339 nis
140 1284 208 1357 89,
233 1289 353 1340 constet
370 1278 496 1361 proinde
515 1277 597 1363 quod
613 1280 710 1340 multo
730 1289 799 1360 post
820 1277 922 1359 scripti
936 1280 1049 1339 fuerim
1060 1280 1131 1340 libri
1147 1280 1187 1341 do

75 1379 232 1442 laudibus
253 1382 362 1442 lustini
381 1385 524 1466 Augusti3
546 1381 711 1463 quinetiam
730 1383 821 1462 plana
843 1382 940 1463 liquet
952 1382 1077 1463 scriptos
1091 1384 1186 1445 fuisse

79 1479 207 1545 dnobus
229 1484 341 1544 saltem
358 1488 445 1545 annis
464 1495 625 1567 postquam
642 1484 773 1545 Iustinus
795 1484 971 1564 imperabat.
1014 1503 1084 1546 cum
1103 1488 1186 1548 enim

25 1649 26 1672 p
83 1585 239 1666 corippus
253 1586 279 1646 l.
296 1591 312 1651 1
331 1597 361 1646 ct
375 1587 399 1647 1.
413 1586 435 1652 4
450 1590 652 1648 lastinianum
663 1587 698 1645 in
718 1596 853 1646 extremo
868 1587 947 1646 vitae
963 1587 1186 1668 praedicentem

83 1686 231 1764 hilum,
252 1688 387 1749 futurum
405 1689 470 1749 fora
489 1699 525 1748 ut
546 1692 598 1773 qui
620 1692 650 1750 ai
665 1709 774 1749 nocero
787 1687 924 1749 meditati
937 1691 1057 1750 fueraut
1070 1696 1185 1755 Iustino

87 1792 181 1851 atlans
202 1789 330 1850 insidias
349 1779 540 1868 molirentur,
560 1801 596 1850 ut
616 1793 733 1851 mentis
752 1793 859 1873 poenis
879 1790 918 1852 sd
938 1793 1065 1852 aliorum
1078 1813 1186 1853 exem·

71 1897 74 1900 ’
86 1892 176 1972 plum
187 1894 402 1969 multarentur,
423 1892 581 1973 fingendae
594 1889 683 1954 huius
695 1893 816 1953 fabulae
830 1898 1016 1955 occasionem
1028 1915 1069 1953 cx
1078 1915 1115 1956 eo
1128 1915 1185 1956 au·
1234 1954 1237 1962 ‚

88 2005 237 2075 sapatum
256 2014 322 2055 esse
340 1995 429 2055 facile
451 2007 497 2057 est
512 1997 698 2076 intelligere,
722 1997 803 2079 quod
815 1997 921 2059 lustiui
932 2002 1017 2058 iussu
1031 2018 1110 2060 suno
1122 2000 1185 2060 im·

87 2100 165 2177 perii
186 2100 254 2158 eius
274 2098 421 2176 crumulo,
443 2098 492 2159 its
510 2102 598 2159 tertia
614 2100 765 2176 Octobris,
789 2099 910 2181 capituli
922 2102 1068 2179 supplicio
1084 2101 1184 2162 affecti

87 2201 214 2262 inerunt
227 2202 314 2282 cpoli
325 2198 484 2262 Aetherius
497 2211 528 2260 et
540 2200 682 2261 Addceus
694 2221 824 2282 maguae
842 2203 1024 2262 auctoritatis
1038 2201 1120 2281 apud
1130 2208 1184 2263 lu·-
1226 2228 1231 2238 ·

86 2306 257 2365 stinianum
278 2304 411 2386 patricii,
432 2322 508 2386 quos
526 2304 660 2385 plurimu
671 2305 832 2364 criminmn
845 2323 880 2363 ao
890 2306 1049 2385 praecipue
1063 2307 1184 2388 conspi-

86 2409 214 2468 rationis
235 2408 269 2466 in
288 2408 389 2486 ipsum
402 2408 549 2466 lustinum
565 2419 646 2468 actos
659 2408 754 2468 iccius
768 2427 835 2466 reos
845 2416 968 2465 namnt
983 2417 1088 2493 omnes
1099 2410 1183 2471 illius

85 2512 237 2589 temporis
249 2507 392 2569 historici.
434 2508 607 2570 Etutsthios
621 2530 709 2585 reru,
729 2528 784 2568 seu
795 2510 892 2567 meris
906 2510 1088 2585 Emmaus,
1109 2514 1185 2571 scri-

87 2621 160 2691 ptor
180 2630 321 2686 coaevus,
351 2613 384 2670 in
404 2613 465 2671 rita
486 2613 519 2671 S.
542 2608 684 2690 mulsit
704 2606 892 2689 patriarchae
917 2609 1065 2687 cpolitani
1095 2610 1185 2692 (ride

86 2715 168 2771 Acta
181 2712 239 2773 SS.
256 2711 295 2771 ad
308 2712 390 2772 ‹liem
400 2719 423 2779 2
432 2712 565 2794 Aprilis)
585 2714 700 2791 factm
718 2700 777 2772 hoc
795 2731 861 2772 esse
883 2710 984 2772 adiicit
1006 2711 1120 2772 ultIons
1135 2712 1184 2772 di·

89 2817 180 2890 rina,
201 2814 283 2897 quod
304 2836 406 2876 eorum
425 2818 615 2896 potissimum
631 2815 754 2876 consilio
770 2825 800 2874 et
812 2831 902 2895 opera
915 2813 1016 2875 assde
1028 2814 1183 2896 cpolitano

91 2915 232 2979 ‹letrusm
250 2920 288 2979 ab
311 2919 386 2999 imp.
403 2917 567 2979 iustiniano
587 2918 686 2976 sumt
705 2916 738 2975 S·
756 2915 922 2998 Eutychius
942 2928 972 2977 et
992 2916 1025 2978 in
1042 2923 1183 2982 exsilium

91 3024 220 3099 masos,
242 3022 286 3099 ei,
308 3006 493 3103 nulloplane
506 3020 589 3097 iure,
610 3017 734 3081 masao
749 3019 882 3080 Iohanne
895 3018 1090 3083 Scholastica.
1123 3026 1182 3084 Co*

91 3125 197 3204 rippas
226 3143 346 3206 quoque
369 3126 514 3186 tutionem
539 3124 674 3185 <livium
693 3143 784 3204 super
801 3142 852 3183 eos
873 3125 983 3181 factm
1003 3142 1069 3185 esse
1085 3124 1182 3204 tingit,

91 3228 165 3308 quia
174 3226 233 3304 ipsi
245 3230 407 3287 Iustiniano
420 3246 526 3288 nocere
538 3229 702 3303 voluerint,
723 3245 822 3307 neque
835 3226 966 3304 explicat
980 3245 1039 3306 qua
1052 3228 1182 3285 ratione:

92 3338 125 3388 st
139 3331 205 3409 quis
217 3332 346 3409 principi
357 3341 445 3390 nocet
456 3333 554 3410 magis
567 3350 660 3412 quam
670 3329 769 3387 malus
781 3328 979 3402 consiliarius,
1003 3336 1033 3384 ct
1046 3327 1098 3407 qui
1110 3347 1182 3407 paru

93 3451 178 3490 ressa
196 3434 317 3491 consilia
333 3452 394 3492 uon
411 3432 502 3493 modo
517 3430 663 3512 suggerit,
685 3428 741 3490 sed
755 3448 877 3509 operam
894 3430 984 3486 etiam
1003 3439 1134 3508 praestat
1148 3441 1183 3490 ut

95 3533 262 3592 executioni
287 3533 488 3595 mandentur‘t
539 3522 700 3615 praeterea¹
718 3551 787 3592 cum
811 3529 889 3606 1.,4,
918 3549 1008 3611 quem
1029 3532 1182 3613 aliquanto

93 3645 160 3714 post
180 3637 254 3694 alios
275 3646 335 3697 tres
355 3637 449 3698 editos
464 3658 529 3698 esse
545 3635 672 3696 suadent
686 3654 789 3694 versus
806 3629 914 3713 quibus
928 3634 1033 3691 tertius
1047 3634 1181 3711 explicit,

94 3737 201 3816 palafic
214 3735 367 3817 Sophiana
383 3740 527 3819 (iosippus
544 3746 771 3811 commemoret,
792 3733 864 3793 hinc
882 3737 974 3793 etiam
989 3733 1183 3793 manifestum

92 3837 128 3896 fit
138 3835 191 3898 lios
202 3838 294 3899 libros
307 3860 368 3899 non
380 3838 510 3899 edidisse
524 3844 624 3901 statim
638 3858 678 3899 ac
687 3839 818 3899 Iustinus
830 3833 870 3893 ad
882 3837 1043 3914 imperium
1062 3846 1182 3895 avectus

93 3938 166 4014 fuit,
187 3960 256 4000 cum
275 3939 350 4000 haec
370 3943 481 4022 palatia
497 3937 644 4003 condendi
659 3952 750 4022 atquc
764 3935 839 3997 adeo
854 3935 1017 3997 renovandi
1032 3940 1183 4019 ampliasse

94 4039 183 4122 dique
202 4052 233 4102 et
252 4043 418 4105 exornandi
439 4048 625 4106 occasionem
638 4052 756 4103 maeret
767 4038 971 4120 Theophanes
989 4037 1028 4099 sd
1041 4058 1071 4096 a.
1087 4036 1182 4101 lim·

93 4129 169 4222 perii
188 4142 323 4205 undem
343 4146 461 4206 lustini.
502 4142 562 4205 heo
579 4164 665 4205 meae
679 4146 866 4205 coniecturae
876 4136 1103 4203 videnturmihi
1118 4157 1184 4196 esse

94 4245 426 4326 probabilissimum
455 4249 590 4310 fortassis
616 4246 863 4307 luculentioribus
888 4247 980 4304 stiam
1001 4235 1184 4321 umentis

141 4352 238 4411 Merol-
258 4363 284 4413 st
304 4356 367 4411 Gor.
958 4344 980 4408 5
