2750 4625
424 249 688 351 romnnmos
714 253 792 321 cla.
816 254 891 324 vn.
1133 261 1202 332 151

109 418 173 482 6¹0
193 418 291 479 celsus
304 422 382 499 eqno
395 415 595 491 fidensfertur
607 439 697 498 super
711 421 830 499 agmina
845 421 975 483 Succnr:
1132 494 1137 503 ,

192 518 274 579 lrnnc
288 521 432 580 Sulnmur
446 521 589 600 sequitur,
611 539 703 601 quem
715 542 782 581 cum
794 542 855 580 non
869 522 1013 602 prendere
1029 534 1137 605 posset,

193 622 362 681 fraxineam
376 632 517 702 torquens
530 641 585 700 per
599 642 719 701 campos
732 626 849 681 emirrus
865 620 983 683 hastam

192 721 319 803 alipedis
330 721 431 782 valido
447 723 665 782 trmrsrerberat
680 725 732 782 ilia
747 726 845 800 ferr03

192 826 316 883 rainere
329 844 389 905 quo
403 828 499 884 rictus
512 824 631 904 sonipes
645 826 790 904 gravitate
806 826 913 886 'ruinae
985 818 988 825 ’

107 924 171 991 616
192 927 339 1005 confregit
353 926 519 986 dominum.
563 927 636 985 belli
649 930 714 986 sine
725 929 849 986 vulnere
864 931 975 990 Succur

191 1029 345 1087 infelicem
358 1033 490 1088 animam
503 1029 622 1108 Stygias
633 1032 798 1089 transmisit
810 1029 849 1088 ad
864 1034 993 1099 umbras.

192 1147 253 1207 non
267 1131 354 1188 illum
365 1132 491 1189 salvarit
505 1148 599 1210 equus
613 1132 734 1189 levitate
752 1152 806 1210 per
819 1130 930 1207 hostes,

194 1250 254 1313 quc
270 1232 327 1290 sibi
341 1230 412 1289 fisus
430 1240 508 1304 crat,
529 1251 585 1289 nec
598 1232 857 1311 fractuchonscia
869 1238 963 1293 virtus

193 1337 302 1413 eripuit
313 1332 383 1390 fatis
397 1342 448 1390 ant
461 1318 544 1391 sacro
562 1332 684 1392 numine
700 1312 812 1393 Gurzii.

109 1437 172 1501 620
207 1428 210 1439 ⁴
235 1437 374 1512 Armiger
387 1454 457 1493 ense
471 1444 560 1513 caput
573 1433 702 1494 ductoris
717 1439 837 1496 nonnae
850 1438 930 1498 Vani

193 1544 327 1615 amputat
342 1555 381 1595 ex
395 1533 546 1609 humeris,
570 1536 768 1616 Plulinaeqne
782 1545 877 1618 Astit,
899 1538 1009 1601 Enerdi
1109 1534 1113 1545 ’

192 1640 278 1713 Mae,
300 1639 442 1698 Tiluzant
456 1640 576 1697 Daretis
590 1640 669 1698 ferro
680 1651 768 1699 necat

194 1740 328 1798 exsecuit

193 1840 383 1921 cornipedem
396 1840 523 1901 Ancatal
535 1848 601 1899 inm
615 1862 735 1901 currens
748 1845 858 1902 Fastita
872 1845 938 1905 fixit

108 1943 171 2011 625
191 1946 305 2003 missile
320 1954 462 2003 contorto.
503 1943 582 2022 fugit
593 1945 677 2003 illico
689 1946 773 2003 mille
786 1966 840 2024 per
852 1944 970 2023 hostes,

191 2047 416 2125 permixtusque
434 2046 496 2104 suis

235 2133 399 2222 Carcasan,
423 2156 506 2204 tanta
521 2165 681 2207 concussus
698 2145 932 2223 raedesuorum,

192 2270 246 2333 per
258 2248 374 2312 medios
388 2246 489 2307 hostes
501 2246 631 2307 ductoris
643 2252 729 2328 signa
740 2252 873 2326 retorsit,

191 2357 276 2413 milia
289 2353 384 2411 muln
397 2349 530 2410 trahem.
573 2354 743 2410 venientem
757 2352 833 2411 cidit

108 2460 171 2522 630
191 2455 280 2516 heros
296 2455 516 2531 magnanimus,
541 2454 641 2511 felicia
653 2454 714 2511 tela
728 2452 875 2513 iohannes

192 2560 333 2636 armigeri
344 2558 422 2636 rapit
433 2559 497 2636 ipse
513 2576 624 2629 manu,
644 2556 768 2636 piloque
788 2557 932 2635 superbus

191 2661 293 2734 irruit,
315 2659 533 2739 adversumque
545 2660 621 2737 petit
632 2677 687 2736 per
700 2658 824 2715 vulnera
907 2659 910 2665 “

191 2772 222 2821 ct
235 2761 304 2819 ferit
315 2760 489 2841 intrepidus.
532 2760 653 2838 sanguis
666 2778 721 2837 per
732 2759 791 2816 tela
807 2763 934 2816 cucurrit

191 2864 315 2923 vulnere
329 2882 447 2924 summa
463 2864 573 2937 fluens,
594 2872 751 2941 vestesque
764 2865 892 2940 aspergit
907 2860 1025 2919 heriles.

107 2966 171 3035 685
192 2967 345 3045 extemplo
361 2966 496 3024 turbatae
510 2965 588 3023 acies
601 2973 744 3043 pereunte
761 2972 888 3042 tyranno

192 3065 390 3127 Marmaridae
402 3070 514 3147 petiere
528 3067 641 3144 fugam.
683 3067 746 3122 iam
757 3065 858 3121 nullus
875 3067 906 3122 in
917 3063 1035 3123 hostem

193 3172 333 3229 contorsit
346 3170 458 3244 telum,
480 3165 535 3228 sed
547 3168 628 3225 laxis
641 3167 735 3225 fertur
748 3163 872 3224 habenis

194 3292 310 3331 currere
324 3272 493 3349 compulsus
506 3273 636 3350 sonipes.
676 3289 733 3327 nec
744 3266 835 3327 fidere
850 3270 952 3325 castris

192 3376 255 3433 iam
267 3375 365 3454 potuit
377 3377 545 3432 Nasamona
572 3372 650 3430 latos
666 3372 827 3429 moriturus
840 3372 871 3427 in
885 3389 899 3425 a
903 3388 972 3446 gros

109 3470 173 3541 640
194 3477 283 3533 currit
296 3467 388 3556 eqncs
401 3477 574 3552 mixtusque
586 3470 690 3552 pedes.
724 3472 858 3530 Romana
872 3480 1036 3550 sequuntur

193 3578 279 3655 signa
294 3575 444 3656 ducesque
459 3574 567 3648 simul,
588 3572 706 3631 numeri
719 3572 870 3653 fortesque
883 3573 1012 3648 tribuni;

193 3686 223 3734 et
235 3678 331 3737 laetus
344 3682 455 3758 pariter
468 3673 551 3734 felici
561 3675 655 3733 Marte
669 3671 817 3733 Iohannes

192 3788 262 3837 ante
277 3781 372 3856 volat,
394 3778 501 3838 densas
514 3785 648 3835 sternens
659 3796 715 3855 per
727 3786 813 3855 prata
829 3787 970 3836 catervas.

193 3881 301 3961 planus
315 3892 377 3940 erat
388 3899 526 3958 campus,
547 3876 625 3934 liber
639 3896 698 3957 qno
710 3897 827 3935 currere
840 3888 939 3956 posset

82 4037 87 4044 ,
107 3980 170 4048 645
190 3984 279 4042 miles
298 3992 328 4040 et
342 3982 473 4042 infensas
484 3978 553 4039 telis
566 3976 718 4038 effundere
728 3988 852 4039 tunnas.

108 4126 666 4271 fflmpqumeaannnm
770 4124 1203 4198 commeantem.
