2750 4625
445 231 504 300 Dli
528 228 739 301 tiuvinus
762 230 933 303 lttsttttt.
1168 229 1243 306 845

225 396 299 468 814.
341 400 414 463 solis
424 399 550 479 honore]
572 399 606 459 in
619 396 767 460 honorem
782 400 866 460 solis.
899 399 943 459 sic
958 397 1141 481 epigramma
1154 413 1242 464 retus

139 489 172 548 in
185 476 325 562 Circum(
343 486 426 570 quod
439 488 568 565 Corippo
582 502 761 546 consonum:
780 487 886 566 grauis
897 505 1013 566 magna
1026 487 1135 568 quibus
1149 491 1243 550 crevit

139 575 251 635 honore
266 575 366 634 decern
410 576 536 632 Bsnrn.
566 620 568 625 .
1239 628 1243 639 ,

224 659 266 718 ib.
311 656 452 718 Bertbius
465 660 498 715 in
511 655 568 716 hos
583 676 687 717 versus
699 656 796 717 multa
809 653 943 731 diesem,
966 654 1021 716 sed
1034 676 1112 738 equs
1124 655 1244 735 haeret,

139 756 175 804 nt
192 747 292 821 aiunt3
318 747 498 824 egregieque
516 742 633 802 fallitur
646 745 842 823 Dempsterus
855 746 889 801 in
904 741 1029 801 dubium
1043 763 1186 803 revocans
1203 764 1243 803 sn

140 851 196 891 suo
214 833 281 891 loco
301 832 380 890 Circi
400 828 560 908 descriptio
573 826 624 887 bic
636 830 749 888 inserte
764 829 856 887 fuerit
869 848 887 886 e
901 830 996 887 veteri
1010 829 1151 904 librario,
1172 849 1242 889 cum

139 915 206 975 ludi
228 918 382 975 Circenses
404 916 592 973 celebrentur
610 914 666 973 lib.
680 918 713 976 2.
756 915 869 994 optime
882 910 942 973 bic
963 915 1083 973 Circum
1097 915 1244 993 Corippus

140 999 295 1078 describit,
316 1010 351 1060 ut
358 1001 460 1060 locum
473 999 609 1079 designet
620 1019 679 1081 quo
693 1000 795 1058 stetim
811 1018 846 1058 sc
859 1019 961 1058 rumor
971 1000 1119 1058 increbuit
1128 1020 1243 1059 uorum

141 1106 159 1145 a
178 1097 284 1146 senatu
302 1087 515 1167 imperatorem
529 1086 658 1144 electum
671 1085 765 1144 fuisse
781 1086 912 1166 populus
925 1087 1083 1146 universus
1096 1105 1242 1166 propera-

139 1174 201 1247 vit,
224 1182 344 1231 uteum
358 1173 516 1231 salutaret:
537 1174 570 1229 in
588 1172 673 1249 Circo
689 1173 772 1229 enim
787 1174 921 1250 primum
934 1190 1001 1239 mos
1017 1180 1081 1230 erut
1096 1180 1131 1229 ut
1144 1190 1242 1231 novus

139 1259 280 1338 princeps
292 1278 324 1317 se
337 1256 536 1338 spectandum
550 1258 717 1336 praeberet.
740 1316 744 1321 ,
760 1258 860 1317 Foco.
1236 1308 1240 1321 .

224 1346 298 1408 816.
340 1343 466 1403 Snidas:
491 1337 622 1423 deripere
644 1340 814 1422 τέθριππος
836 1341 992 1419 stellarum
1014 1341 1186 1424 quadriga,
1207 1342 1243 1401 ia

140 1438 184 1487 est
197 1449 303 1487 eunus
316 1428 400 1504 solis5
423 1438 453 1488 et
469 1429 515 1488 sol
529 1427 660 1487 Pindaro
673 1429 721 1487 01.
734 1431 754 1492 7
771 1421 863 1511 ἆρχός
874 1429 987 1497 tanao.
1031 1427 1188 1488 Claudien.
1201 1425 1240 1486 de

139 1512 414 1580 taud.stiltch.1:
437 1526 509 1574 trena
524 1524 553 1572 et
563 1512 635 1572 solis
648 1533 748 1593 eqrtos.
794 1513 848 1574 sed
868 1519 921 1596 qui
944 1517 1019 1589 sint,
1041 1516 1095 1573 rix
1114 1523 1239 1573 constet.

140 1602 289 1661 Homerus
311 1599 385 1660 facit
404 1611 481 1676 tres,
502 1601 562 1658 uisi
583 1599 678 1658 falsus
700 1597 798 1658 codex
819 1603 949 1680 Hygini,
971 1619 1100 1681 quorum
1115 1601 1241 1659 nomina

139 1683 263 1757 Abrae,
284 1686 377 1757 Aslo,
405 1685 559 1744 Therbeeo.
604 1685 749 1743 Eumelus
772 1684 945 1746 Corinthius
967 1684 1041 1744 duos
1061 1704 1160 1744 mares
1175 1695 1240 1745 ste-

139 1773 214 1846 toit,
235 1772 335 1830 Eoum
354 1773 441 1852 quasi
458 1771 657 1846 matutinum,
678 1768 860 1848 Aetlrmpem
873 1773 960 1851 quusi
974 1771 1165 1846 flammeum,
1187 1771 1240 1851 qui

140 1866 249 1937 coquat
265 1857 383 1937 fruges3
407 1855 482 1915 duas
501 1856 648 1929 feminas,
671 1855 829 1928 Brentani,
852 1875 930 1937 quse
947 1859 1077 1917 tonitrua
1093 1867 1240 1937 procreet,

143 1942 316 2020 Steropem,
345 1962 422 2024 quse
443 1943 576 2021 fulgure.
619 1943 733 2021 Hygin.
754 1941 817 1999 fab.
843 1945 913 2006 183.
957 1944 1025 2000 aliis
1046 1952 1243 2011 numerantur

139 2026 283 2103 totidem,
307 2026 362 2087 sed
375 2027 487 2107 dispari
500 2028 638 2102 nomine,
659 2030 727 2106 peri
742 2026 865 2085 effectu:
886 2025 1074 2105 Erythraeus
1088 2030 1174 2106 quasi
1189 2048 1242 2085 ru-

138 2112 231 2188 bens,
253 2112 336 2194 quod
357 2114 404 2173 sol
423 2115 589 2172 matutinus
609 2110 775 2187 rubicundo
794 2114 833 2170 sit
850 2112 981 2183 lumine,
1003 2111 1142 2171 Actaeon
1156 2114 1243 2191 quasi

139 2197 320 2278 splendens,
338 2199 487 2276 Lampon,
510 2195 591 2277 quod
609 2190 744 2275 fulgeat,
765 2196 817 2253 ubi
838 2194 878 2252 nd
896 2196 1076 2254 umbilicum
1091 2194 1153 2257 diei
1168 2216 1242 2255 con-

139 2286 266 2343 trariruu
296 2281 464 2344 ascenderit
495 2283 654 2355 circulum,
686 2279 854 2360 Pttogeus
862 2324 873 2352 ,
902 2279 985 2363 quod
1010 2290 1121 2341 terram
1148 2292 1240 2341 amet.

138 2370 279 2448 Fulgent.
295 2374 311 2432 1
337 2373 387 2431 11.
418 2369 567 2426 notissimi
579 2375 650 2427 suut
664 2387 768 2426 versus
782 2365 921 2426 Ovidieni
931 2370 1054 2427 Metam.
1069 2373 1108 2433 2:
1130 2371 1242 2428 interea

139 2454 276 2512 volucres
287 2456 396 2532 Pyrois
410 2454 495 2511 Eous
507 2462 535 2510 et
547 2451 671 2511 Aethon
686 2453 767 2511 Solis
787 2454 868 2532 equi,
891 2464 1075 2534 quartusque
1087 2454 1242 2535 Phlegon,

140 2538 309 2596 hinnitibus
326 2558 419 2596 auras
436 2538 594 2617 implevere
608 2542 681 2597 suis.
725 2539 868 2597 Drurar.

226 2625 299 2688 817.
342 2621 488 2705 quadriga
502 2626 559 2683 soli
572 2643 655 2683 sacra
668 2624 706 2682 ob
720 2622 952 2704 quadripartitas
965 2636 1137 2705 temporum
1150 2624 1241 2685 diffe-

129 2710 251 2768 ¹rentias
264 2710 313 2768 vel
328 2708 554 2790 quadruplicem
569 2707 631 2767 diei
642 2707 786 2768 horarum
800 2710 949 2770 effectum.
965 2773 968 2778 ,
983 2713 1160 2790 Fulgentius
1172 2712 1239 2771 loco

138 2793 272 2855 laudato.
315 2804 347 2854 et
369 2797 440 2876 quia
463 2796 616 2854 Circenses
636 2796 738 2874 imago
761 2795 851 2873 solis,
884 2807 1024 2877 quattuor
1044 2801 1129 2878 equis
1149 2800 1239 2856 iniis

139 2891 295 2939 certamin.
339 2900 387 2940 res
404 2891 486 2940 uota.
529 2881 615 2940 Serv.
638 2879 678 2939 ad
700 2881 810 2961 Georg.
833 2887 869 2949 8:
898 2884 1095 2963 quadriiugos
1115 2882 1239 2963 agitabo

137 2966 327 3044 adflunu'na
344 2987 460 3025 cumis.
504 2968 647 3027 Denter.

223 3050 265 3110 ib.
310 3050 393 3111 idem
417 3054 619 3132 epigramma:
649 3063 783 3132 tempora
807 3052 978 3132 cornipedes
1000 3053 1155 3133 referunt,
1178 3050 1239 3109 ele-

140 3147 241 3194 menta
263 3137 385 3210 colores,
406 3140 531 3218 uun'gu,
552 3150 587 3197 ut
603 3137 758 3210 Phoebus,
787 3150 929 3218 quattuor
948 3149 1032 3217 aptet
1051 3159 1151 3217 equos.
1196 3140 1239 3196 ita

140 3220 222 3302 apud
234 3222 323 3280 illum
335 3225 473 3302 ignotum
486 3226 661 3303 scriptorem
676 3222 851 3304 legendum.
895 3222 933 3283 de
947 3227 1061 3282 ratione
1075 3243 1146 3294 uero
1161 3223 1239 3281 Circi

139 3305 211 3366 vide
234 3308 350 3388 aliquot
370 3312 467 3388 capita
483 3309 613 3369 isiodori
633 3311 674 3374 18
696 3313 862 3389 Originum.
882 3312 1008 3369 Bsaru.
1051 3318 1086 3367 ut
1099 3319 1241 3388 quattuor

138 3389 233 3451 borae
247 3413 300 3452 seu
315 3404 450 3474 tempore
464 3405 544 3470 sunt,
565 3398 608 3453 ite
621 3414 715 3475 equos
730 3393 930 3456 totidemsoli
943 3394 1123 3468 tribuebant,
1146 3393 1240 3452 veluti

139 3481 219 3558 patri
234 3489 265 3536 et
277 3483 390 3538 vectori
406 3477 558 3540 horarum.
601 3479 789 3541 nominabis
805 3484 1012 3560 imposuerunt
1025 3481 1131 3538 Graeci
1150 3480 1241 3538 febu-
1270 3488 1273 3500 '

138 3565 250 3623 latores
272 3566 349 3641 ista,
379 3566 522 3644 Pyroeu,
549 3566 634 3624 Eous
641 3608 655 3638 ,
675 3565 800 3626 Aethon
820 3577 851 3626 et
871 3566 1021 3646 Phlegon.
1066 3564 1128 3625 vid
1152 3562 1241 3625 ovid.

137 3650 297 3714 Metam
318 3649 390 3715 158.
431 3653 527 3711 Rrrr.
1218 3709 1221 3720 ,

223 3737 297 3800 819.
340 3735 460 3796 colora.
508 3734 709 3800 Cassiodor.3
725 3757 774 3817 ep.
788 3732 846 3801 51:
870 3735 980 3796 colores
1001 3739 1035 3795 in
1053 3738 1148 3796 auem
1167 3747 1242 3793 tem-

134 3821 246 3898 porum
259 3821 483 3902 quadnfarzam
486 3823 678 3903 funduntur.
711 3825 858 3902 prasinus
871 3825 982 3881 virenti
992 3844 1097 3895 vane,
1120 3832 1243 3880 venetus

139 3904 265 3964 nubs‘loe
278 3906 383 3980 hiemi,
403 3929 504 3968 roseua
516 3909 811 3986 aesmtiflammeae,
833 3908 923 3968 albus
935 3911 1081 3988 pruinoso
1095 3916 1242 3964 autumno

139 3990 260 4051 dicatus
279 4004 331 4052 est.
376 3997 421 4053 sic
432 3995 558 4075 feretum
579 4005 615 4053 ut
633 4006 763 4054 neutrae
782 3998 923 4074 austerio
951 3993 1032 4075 (uon
1054 3986 1241 4067 musutert'a)

138 4078 376 4152 spectaculorum
390 4082 554 4159 composito
567 4083 785 4161 inauguratione
799 4081 982 4140 luderentur.
1028 4079 1123 4137 Solin.
1138 4095 1164 4134 c.
1180 4073 1239 4138 47:

139 4160 266 4239 qudam
291 4167 360 4242 equi
381 4166 520 4226 cantibus
542 4166 700 4239 abramne,
721 4168 847 4247 quidam
866 4162 1092 4233 tollenonibus,
1113 4160 1240 4240 quidam

128 4245 260 4325 facibus
269 4253 414 4323 accensis,
435 4253 561 4331 pesulani
575 4253 708 4312 calonem
722 4255 866 4312 varietate
878 4252 1055 4310 adcurrunt
1065 4267 1225 4327 provocari·
