2750 4625
401 272 460 341 nn
483 271 692 342 mannus
716 215 885 341 maran
1120 272 1195 345 aaa

95 459 208 522 repone
220 456 263 499 ax
274 436 368 500 ductu
383 439 531 499 similium
543 440 713 500 litterar-mn
726 438 835 498 tribuo.
880 446 993 520 quanta
1006 449 1108 500 autem
1121 439 1197 514 oui·

97 529 190 587 ultum
215 526 309 586 mam
334 525 534 600 Graecorum,
555 536 590 585 ut
609 545 628 584 a
646 524 771 586 Sidonio
789 535 948 600 vocantur,
971 525 1003 583 in
1019 527 1197 605 spectaculis

98 609 269 691 flagitandis
289 611 407 670 insania
426 611 535 686 inerit,
556 621 591 670 nt
615 629 672 691 ego
694 611 836 686 arbitror,
859 612 914 670 toti
930 611 1057 690 imperio
1069 613 1198 671 Orientis

100 698 248 771 exitialis,
269 716 332 756 non
344 707 391 756 est
406 694 457 755 hic
474 716 550 776 opus
562 695 678 756 disseri.
699 699 825 757 Baarn.
869 693 1001 754 tribuam
1014 698 1177 776 Fogginns.

184 782 259 848 861.
301 779 362 841 boc
374 779 444 841 ideo
461 802 479 840 a
495 783 625 862 Gorippo
638 781 753 841 dictum
766 791 827 857 est,
848 779 931 863 quod
949 792 1018 861 post
1029 783 1135 841 Basilii
1148 785 1201 840 lu·

100 867 194 927 nioris
208 866 395 927 consulatum
406 887 462 948 per
476 868 518 932 25
534 887 628 928 annos
642 869 747 927 Oriens
761 870 826 926 siue
839 867 1011 927 consulibus
1026 868 1126 942 fuerit,
1147 885 1202 926 us·

102 972 163 1034 qne
179 951 218 1011 ad
231 955 364 1033 primum
376 953 490 1012 scilicet
503 972 616 1011 annum
628 956 736 1013 lustini
753 955 897 1028 lenioris,
920 955 973 1032 qui
993 954 1090 1013 factm
1102 956 1203 1032 impe-

101 1048 183 1098 ratur
205 1039 337 1098 consulis
354 1057 465 1096 nomen
485 1041 657 1119 usurparit,
691 1050 722 1098 et
743 1042 786 1097 ita
806 1049 875 1118 post
895 1058 966 1096 eum
987 1040 1204 1120 subsequentes

102 1125 314 1203 imperatorem
339 1133 373 1182 ut
395 1142 436 1183 ex
457 1125 624 1184 Marcellini
643 1125 729 1184 fastis
745 1126 867 1183 Graecis
883 1134 913 1182 et
926 1123 1116 1184 llaffeiorum
1132 1123 1205 1183 dili-

104 1211 278 1289 gentissime
293 1209 401 1288 probat
414 1207 585 1289 onuphrius
596 1211 773 1269 Panrinius.
815 1212 909 1269 Rurz.

189 1295 264 1360 862.
308 1297 438 1375 pertinet
458 1293 498 1353 ad
515 1297 734 1355 restitutionem
755 1296 919 1360 consularis
937 1295 1045 1369 officii,
1068 1295 1139 1375 quia
1153 1297 1207 1353 lu·

106 1380 184 1439 stinc
205 1381 366 1460 imperium
385 1383 508 1439 ineunte
530 1383 572 1444 26
591 1383 694 1456 annis,
723 1400 742 1439 a
763 1382 918 1440 consulatu
936 1383 1080 1438 nimirum
1099 1381 1207 1439 Basilii

106 1467 143 1526 V.
167 1466 218 1541 (l.,
244 1476 403 1544 vacaverat
423 1468 451 1524 is
472 1468 664 1545 magistratus
678 1468 712 1524 in
726 1469 862 1542 Oriente,
885 1485 976 1547 quem
992 1468 1120 1524 restituit
1137 1467 1207 1546 qui-
1255 1454 1258 1468 '

107 1547 179 1609 dem
202 1552 334 1611 lustinus
357 1553 459 1631 aliquo
477 1550 586 1627 modo,
620 1549 674 1611 sed
696 1553 760 1611 eius
780 1563 883 1612 tamen
901 1556 1045 1632 temporis
1064 1548 1207 1610 historiae
1257 1611 1262 1624 ,

107 1655 170 1695 non
185 1637 248 1696 iam
263 1656 318 1716 per
334 1638 470 1697 consules
485 1656 578 1696 annos
594 1647 768 1712 numerant,
789 1648 824 1696 ut
835 1639 867 1696 in
881 1639 1038 1696 lantirsiani
1055 1637 1144 1696 rebus
1158 1637 1207 1695 fe·

108 1723 150 1781 cit
165 1725 331 1780 etiamnum
341 1725 443 1783 Victor
455 1724 685 1797 Tunnonensis,
708 1721 762 1782 sed
782 1743 837 1801 per
858 1742 951 1781 annos
966 1725 1151 1802 principum,
1174 1731 1208 1780 ut

94 1803 258 1867 'lohannes
275 1807 456 1867 Biclarensis
476 1800 603 1868 Victoris
622 1808 787 1887 suppletor.
831 1806 912 1888 quod
933 1819 1034 1866 autem
1055 1809 1134 1866 inter
1150 1827 1209 1887 po·

108 1894 175 1974 pali
190 1891 336 1951 beneficia
350 1903 485 1951 recenset
497 1895 630 1953 lustinus
645 1894 816 1952 consulatus
831 1895 1075 1976 restitutionem„
1087 1903 1211 1973 propter

109 1977 193 2036 dona
204 1978 257 2037 illa
271 1976 467 2037 calendarum
483 1997 606 2037 suarum
621 1975 709 2036 dicit:
729 1997 802 2036 nam
815 1980 956 2037 immanis
971 1981 1062 2057 pretii
1078 1980 1211 2057 sparsio-

109 2081 165 2122 nes
176 2065 209 2121 in
220 2063 347 2142 vulgum
358 2060 625 2143 impendebantur,
648 2064 757 2144 quibus
776 2066 955 2143 patrimonia
968 2061 1150 2141 praeditium
1167 2065 1212 2121 ci-

110 2149 196 2208 vium
218 2146 489 2225 exhauriebantur3
511 2147 593 2208 unde
612 2151 727 2207 insanis
747 2149 809 2207 illis
829 2149 977 2208 aruntibus
992 2146 1214 2207 interdixerunt

109 2227 293 2317 quandoque
315 2236 482 2316 principes,
503 2243 539 2292 nt
560 2234 790 2294 Valentinianus
812 2243 843 2291 et
862 2234 1027 2292 Martianus
1051 2252 1117 2313 cap.
1134 2237 1156 2299 2
1176 2230 1215 2291 da

113 2340 190 2380 coss.
209 2320 265 2379 lib.
284 2322 326 2384 12
345 2318 412 2378 cod.
432 2321 539 2379 lustin.
582 2320 765 2378 lastinianus
788 2338 860 2377 reru
881 2317 1124 2379 interdictionem
1147 2338 1216 2378 eam

112 2405 234 2466 sustulit
249 2405 375 2464 Novella
394 2403 465 2469 105.
507 2405 634 2463 Bsarn.

199 2488 275 2552 864.
316 2491 498 2548 lastinianus
518 2490 600 2547 enim
619 2490 782 2566 imperator
798 2487 913 2547 obierat
930 2489 1017 2569 cpoli
1033 2487 1134 2549 idibus
1151 2492 1215 2549 No·

114 2573 287 2633 vembribus
301 2593 379 2632 anno
393 2572 504 2633 Christi
515 2572 593 2651 665,
614 2572 696 2632 unde
709 2575 771 2632 iam
783 2592 880 2632 novus
893 2593 989 2634 annus
1003 2596 1057 2635 seu
1073 2573 1217 2634 calendae

115 2659 272 2719 Ianuariae
285 2659 453 2735 instabant,
476 2660 586 2740 quibus
599 2679 667 2718 mos
682 2669 745 2718 erat
761 2657 842 2738 apud
859 2662 996 2741 antiquos
1010 2671 1040 2720 st
1055 2663 1153 2720 varios
1166 2660 1218 2719 lu-

117 2743 172 2804 dos
195 2762 352 2820 exercere,
375 2746 508 2824 auspicia
527 2747 599 2805 novi
619 2746 690 2803 anni
711 2763 834 2824 capere,
858 2742 936 2803 dona
956 2757 985 2806 et
1005 2757 1120 2806 strenas
1137 2748 1219 2804 ecci-

116 2849 190 2912 pere
212 2840 318 2889 mutuo
341 2840 370 2889 et
396 2829 484 2906 dare,
506 2829 560 2890 sed
584 2833 760 2913 praesertim
781 2828 909 2889 conferri
925 2832 961 2890 ab
978 2831 1219 2912 imperatoribus,

1 2992 2 2999 ἵ
117 2924 153 2975 ut
171 2915 297 2975 inferius
313 2914 443 2992 nasot,
466 2925 497 2975 et
509 2913 633 2976 tandem
646 2914 755 2976 eodem
768 2918 860 2975 etiam
874 2912 922 2975 die
934 2920 1004 2978 iniri
1019 2919 1218 2979 consulatum.

117 3003 211 3063 llurz.

203 3084 277 3151 869.
318 3089 362 3147 sic
380 3088 413 3146 in
432 3087 600 3168 exemplari
615 3098 677 3147 erat
690 3088 787 3147 male:
805 3110 862 3167 per
882 3088 975 3148 heros
995 3090 1101 3168 ingens
1108 3088 1220 3168 sternit

119 3169 253 3250 undique
262 3174 408 3232 merebam.
431 3174 573 3233 Danaen.
615 3193 741 3233 mancus
751 3185 796 3234 est
808 3195 922 3251 versus,
937 3171 992 3235 sed
1003 3170 1219 3233 restituendum

120 3257 279 3317 existimo:
297 3278 354 3338 per
367 3258 473 3331 laetos,
489 3262 596 3340 ingens
595 3260 708 3338 fremit
717 3261 863 3340 medique,
885 3272 913 3318 et
926 3261 1059 3339 reumque
1069 3279 1219 3331 murman

68 3380 72 3391 ι
121 3361 200 3424 quae
224 3345 399 3404 coniectatio
423 3347 515 3404 etiam
532 3346 620 3404 Eliae
638 3343 774 3405 Pntschii
795 3347 863 3405 fuit.
905 3347 1100 3425 Dempsterus
1122 3345 1219 3403 aliter.

120 3430 248 3488 Banu-n.

206 3512 248 3579 id.
295 3516 442 3574 rationem
465 3512 618 3574 emendati
639 3516 690 3574 rel
708 3516 807 3596 potius
830 3515 960 3595 suppleti
980 3534 1084 3573 versus
1105 3511 1224 3572 reddidi

123 3618 213 3679 supra
228 3598 312 3660 adv.
327 3601 401 3665 814.
429 3602 523 3660 Rsrr.
572 3601 714 3659 lacunam
732 3600 891 3680 supplebat
912 3598 1145 3675 Rittershusius,
1169 3596 1227 3658 du-

122 3686 241 3766 plicans
262 3706 369 3746 vocem
390 3690 506 3767 iugens.
551 3687 699 3746 Meursius
713 3689 746 3743 in
762 3687 832 3747 crit.
845 3684 994 3748 Arnabi
1018 3685 1057 3750 16
1082 3687 1228 3766 supplen-

125 3769 199 3829 dum
213 3775 343 3832 censuit:
356 3772 467 3852 srerus't
477 3770 611 3852 undeque
621 3782 650 3828 et
661 3773 795 3852 nudique
806 3792 953 3830 murmur.
982 3780 1144 3852 utrumque
1156 3789 1229 3850 pro·

124 3856 236 3916 babile.
279 3859 377 3920 Foco.
499 3894 502 3903 ι

211 3945 284 4007 860.
328 3942 409 4003 hunc
430 3944 531 4004 locum
550 3939 686 4001 laudavit
706 3943 911 4022 Buleugerns,
931 3942 979 4001 sir
997 3941 1150 4000 mximas
1168 3955 1233 4003 non

65 4040 67 4044 “
127 4027 229 4086 minus
248 4030 283 4086 in
303 4032 395 4088 sacris
417 4049 509 4111 qnam
528 4026 756 4087 humanioribus
777 4029 894 4087 litteris.
937 4030 965 4086 is
987 4045 1058 4105 ergo
1078 4023 1133 4082 lib.
1152 4025 1169 4086 1
1192 4018 1230 4080 da

127 4109 246 4171 theatro
255 4132 288 4170 c.
301 4112 341 4176 61
355 4113 477 4174 adducit
489 4137 507 4175 e
518 4113 683 4175 Claudiano
698 4113 737 4173 de
749 4118 770 4179 6
780 4117 894 4174 Houor.
907 4111 1030 4172 consul.
1043 4108 1099 4169 hos
1111 4123 1231 4167 versus:

128 4216 332 4277 consensuque
349 4219 442 4258 cavas
461 4198 599 4260 sublatus
620 4202 654 4259 in
671 4199 794 4259 aethera
812 4199 905 4259 vullis
919 4196 1021 4276 plebis
1031 4195 1175 4254 adoratae
1185 4212 1234 4251 re-

131 4283 201 4343 boat
211 4278 337 4365 fruger.
382 4295 414 4345 et
434 4288 478 4346 sic
498 4286 564 4347 vult
585 4288 664 4366 legi:
686 4304 831 4345 conserens
852 4304 962 4345 caveas
980 4279 1118 4342 milatus
1133 4279 1167 4338 iu
1180 4298 1234 4338 rse-
