2750 4625
399 240 556 335 1us‘uu1
579 261 761 337 uncus
785 265 870 339 nm
890 270 931 339 u
1140 272 1227 357 ιω,

201 446 293 507 regna
306 423 381 488 deus
395 448 522 509 regnum
533 429 621 489 nobis
635 432 782 492 concessit
794 434 918 508 avitum,

118 532 181 595 180
201 541 230 588 et
241 532 372 609 patrium
387 529 526 591 diadem
541 530 642 609 dedit,
663 553 809 615 curasque
823 530 948 613 regendi

199 635 342 710 imposuit
357 652 457 691 rerum
467 636 599 712 genitor,
621 652 697 714 quas
712 636 777 714 ipse
789 638 910 695 creavit.

200 733 358 794 laudamus
368 736 488 795 factoris
500 738 596 815 opus,'
613 755 775 817 regemque
786 735 976 797 tremendum

199 838 393 914 suspicimus3
414 848 513 916 gretes
527 839 658 916 agimur,
680 846 838 919 gratesque
853 840 991 900 fatemur.

200 938 294 1017 ipsius
307 947 352 997 est
364 937 563 1019 quodcunque
576 957 696 1015 sumus,
718 941 832 1000 renone
844 943 999 1021 probante,

118 1036 178 1104 185
199 1048 342 1099 atterum
355 1050 448 1101 certas
1016 1057 1018 1061 ·

200 1142 336 1222 pluribus
348 1162 388 1201 ex
399 1141 543 1202 membris
556 1143 669 1204 animal
681 1145 870 1224 componitur
882 1163 986 1220 untun,

200 1242 255 1304 sed
267 1252 355 1324 ceput
370 1254 415 1303 est
429 1242 510 1324 quod
521 1244 656 1305 membra
668 1246 762 1325 regitt
785 1244 858 1305 deus
871 1264 942 1325 ergo
955 1257 1069 1306 creator

199 1365 380 1425 componens
393 1342 548 1403 hominem
559 1357 684 1406 naturae
701 1345 821 1407 foedere
836 1348 922 1407 iussit

190 1448 338 1508 'omnibus
349 1457 383 1505 ut
395 1447 538 1507 membris
551 1459 640 1528 caput
650 1450 795 1530 imperet3
816 1459 908 1530 utque
923 1459 1072 1530 regentur,

117 1553 178 1619 190
199 1554 355 1611 coniuncta
368 1559 414 1609 est
428 1552 518 1629 capiti
530 1552 693 1630 sapientis,
714 1555 844 1631 corporis
858 1571 956 1611 arcem

198 1672 276 1735 quae
290 1654 419 1711 retinens
433 1652 527 1712 oculis
540 1653 710 1732 speculetur
721 1654 855 1713 membra
869 1655 992 1730 serenis,

198 1765 229 1815 et
242 1772 432 1837 quoscunque
445 1751 527 1813 videt
537 1755 674 1833 vigilanti
686 1756 801 1815 lumine
813 1757 920 1817 sollers

197 1866 281 1938 peste
294 1856 464 1915 laborantes
477 1856 603 1915 subiecti
616 1859 747 1937 corporis
758 1868 839 1919 enus

199 1968 300 2034 senet,
322 1968 351 2018 et
364 1958 488 2017 infestos
503 1959 596 2036 pellat
606 1958 805 2018 medicamine
818 1958 946 2019 morbos.

116 2062 176 2130 195
197 2064 364 2124 Romanum
374 2061 535 2139 imperinm
545 2079 651 2141 corpus
666 2062 742 2120 bene
755 2063 877 2141 ponitur
888 2079 982 2119 unum

197 2163 392 2242 compositum
403 2163 523 2239 multis,
545 2161 627 2243 quod
641 2164 687 2223 las
700 2172 746 2222 est
758 2160 874 2237 dicere,
893 2161 1047 2220 membris.

196 2284 252 2326 nos
262 2283 364 2326 sumus
377 2282 448 2344 ergo
464 2274 553 2344 ceput
567 2263 688 2326 solidati
704 2265 833 2346 corporis
846 2260 952 2322 huius:

195 2364 268 2428 huic
283 2385 366 2426 socro
381 2367 472 2445 copiti
483 2367 562 2425 facta
576 2376 622 2425 est
634 2367 787 2446 Sapientia
800 2384 931 2440 consors,

196 2466 362 2550 quaemihi
374 2470 567 2528 commissum
579 2463 690 2548 periter
702 2477 787 2547 regat
799 2467 902 2526 inclite
914 2463 1063 2524 mundum

112 2573 178 2637 2oe
196 2570 301 2651 [sede]
322 2568 430 2630 sedens
442 2588 512 2630 une.
553 2590 607 2632 vos
621 2589 640 2630 o
652 2567 730 2628 mihi
742 2570 882 2650 proxima
892 2568 1037 2644 membra,

195 2674 354 2751 conscripti
364 2682 479 2752 patres,
499 2674 595 2731 nostri
608 2691 677 2750 spes
689 2673 824 2730 maxima
837 2670 933 2750 regni,

194 2794 249 2834 vos
265 2775 335 2833 estis
348 2783 468 2852 pectus,
489 2793 542 2833 ros
555 2770 677 2836 brnobia
689 2774 808 2833 verticis
820 2770 930 2850 nutum

195 2895 323 2960 quornm
337 2876 467 2936 consiliis
481 2893 667 2957 quorumque
680 2875 833 2935 laboribus
844 2894 900 2935 usa

194 2979 315 3060 publice
327 2997 375 3038 res
388 2976 504 3037 domuit
515 2987 620 3058 gentes
632 2987 663 3037 et
675 2996 768 3057 regna
782 2977 910 3057 subegit.

110 3079 173 3149 206
196 3098 313 3140 summa
325 3077 524 3159 regendarum
538 3098 608 3138 cura
623 3063 668 3140 es't
681 3076 759 3138 mihi
776 3076 888 3138 credita
903 3094 1022 3137 remma

194 3191 226 3241 at
237 3182 308 3262 quia
322 3183 489 3240 subiectum
501 3190 636 3241 nostrum
648 3190 693 3240 est
707 3178 864 3260 disponere
878 3163 1036 3252 muudum,

193 3303 250 3343 nos
261 3283 351 3341 etiam
363 3283 447 3343 vobis
460 3303 546 3343 curas
558 3284 770 3343 committimus
781 3282 873 3342 orbis.

194 3383 383 3465 adloquimur
396 3383 489 3460 lidos,
511 3394 606 3445 atros
620 3382 678 3443 hao
693 3404 765 3446 voce
781 3400 950 3444 monemus.

193 3488 228 3547 in
242 3486 346 3565 primis
360 3483 433 3544 deus
447 3496 492 3544 est
505 3495 567 3545 tots
581 3488 688 3546 virtute
702 3481 855 3560 colendus,

111 3590 173 3654 210
194 3607 312 3668 semper
326 3584 511 3663 adorandus,
533 3607 652 3667 semper
663 3584 841 3646 metuendus
852 3579 1008 3657 amundus,

194 3693 296 3750 omnia
310 3690 363 3771 qni
375 3689 449 3750 lecit
460 3686 579 3768 pulchri
590 3690 735 3748 miracula
752 3685 869 3748 mundi.
901 3765 906 3776 Ι

193 3812 249 3853 nos
261 3794 425 3852 imitatores
437 3791 557 3851 factoris
573 3802 603 3851 et
616 3793 717 3851 omnia
732 3788 841 3865 dantis,

195 3896 227 3953 in
241 3906 386 3974 quantum
399 3903 505 3953 natine
520 3893 616 3969 valet,
639 3889 843 3952 contendimus
856 3905 938 3963 essc3

195 4005 287 4073 utque
301 3995 375 4056 deus
389 3997 499 4071 voluit,
519 3996 647 4076 propriis
662 4005 751 4075 caput
764 3994 878 4073 impero
891 3989 1044 4049 membris.

63 4121 70 4130 ·
110 4095 173 4162 215
194 4097 338 4154 iustitiam
352 4098 470 4179 populis
481 4098 657 4178 generaliter
669 4094 807 4155 omnibus
816 4112 944 4175 aequam

198 4207 228 4257 et
241 4200 314 4260 luris
330 4211 444 4260 senate
456 4199 571 4261 modos.
613 4196 760 4278 disponite
774 4195 888 4279 plebes,
