2750 4625
198 260 270 338 ttt
499 252 668 339 coenet
691 264 750 338 ua
773 268 981 342 tutunus

276 427 470 513 plaudentem
486 434 633 517 Libyam,
654 437 758 518 {iuges
772 424 951 521 lanutmqna
966 440 1125 503 terentem.

276 534 393 595 addidit
409 538 565 619 antiquam
578 539 751 601 tendentem
763 541 885 601 brachia
899 544 1035 619 Rumam,

276 650 395 698 merto
411 652 441 699 et
455 639 569 700 nudam
584 655 752 722 gestantem
765 656 884 725 pectore
897 662 1072 724 mnsam,

192 739 257 804 290
276 742 409 800 altricem
423 742 539 822 imperii
556 744 761 827 libertatisque
775 752 942 827 parentem.

275 841 350 903 haec
364 844 433 904 ideo
445 845 510 903 fieri
523 844 615 905 vivax
627 847 780 927 Sapientia
790 846 888 925 iussit,

275 959 412 1006 ornatum
425 958 459 1007 ut
470 950 597 1028 propriis
610 950 703 1010 funus
719 952 819 1031 regale
834 947 995 1031 triumphis

273 1053 443 1130 Augustum
455 1053 487 1110 in
500 1054 651 1111 tumulum
665 1054 765 1114 fatalis
783 1052 903 1113 duceret
916 1052 1002 1113 hon.

315 1155 396 1213 Dum
408 1153 516 1214 famuli
529 1157 578 1236 pia
594 1154 674 1215 iussa
687 1165 794 1235 parant
807 1167 970 1237 aptantque
983 1154 1134 1231 teretrum,

188 1252 252 1322 295
272 1274 334 1314 vox
347 1258 453 1336 ingena
469 1258 547 1316 iacta
560 1268 622 1334 eat,
645 1258 769 1338 plausus
787 1269 816 1317 et
830 1256 938 1339 gaudia
955 1270 1090 1337 surgunt,
1215 1274 1219 1285 ’

272 1367 304 1416 et
316 1358 416 1436 fragor
428 1378 468 1417 ex
481 1359 550 1419 imis
563 1361 659 1419 altum
670 1360 746 1441 petit
760 1358 881 1421 aethera
894 1360 991 1438 terris,

272 1459 412 1540 almaque
427 1458 553 1521 ducmtc
564 1463 676 1541 placuit
691 1463 849 1523 concordia
861 1465 963 1542 vulgo.

271 1560 352 1620 laeta
365 1583 419 1643 per
430 1567 597 1643 Augustam
612 1568 719 1644 pennis
732 1562 942 1646 plaudentibus
957 1566 1063 1624 urbem

270 1663 352 1723 fama
365 1668 468 1727 volans
482 1680 622 1727 sumnum
634 1669 762 1747 populos
776 1666 898 1746 inopina
914 1677 1087 1745 gravantem

189 1769 253 1835 300
272 1770 423 1847 increpat,
444 1769 632 1848 impellitque
647 1769 741 1843 fores,
763 1778 793 1826 et
804 1768 909 1826 limina
922 1769 1031 1848 pulsat,

271 1870 509 1950 multiplicatque
522 1890 591 1930 suas
606 1871 685 1930 feliis
699 1872 873 1951 praenuntia
889 1870 1017 1949 lingama.

268 1991 392 2032 somnus
406 1992 442 2031 ea
453 1974 591 2032 veniente
605 1972 699 2055 fugit,
720 1990 882 2054 secumque
897 1972 1052 2031 cadentem

267 2077 360 2133 traxit
373 2077 548 2153 segnitiem,
569 2086 693 2156 totaque
705 2079 834 2134 excessit
849 2074 886 2131 ab
900 2074 985 2132 urire.

267 2176 405 2235 imminet
419 2177 473 2234 illa
487 2177 611 2254 favens,
633 2188 663 2237 et
678 2178 779 2236 crebro
794 2172 902 2257 pollice
919 2177 1019 2256 pulsat
1050 2180 1060 2217 ¹

183 2276 245 2345 305
266 2277 417 2339 tardantes
430 2265 574 2360 populus,
596 2288 627 2339 et
636 2272 770 2361 “surgite
783 2273 918 2359 surgite'
930 2278 1048 2356 clamat,

266 2383 449 2463 castigatque
464 2403 580 2458 moras,
605 2392 635 2441 et
648 2384 738 2464 plena
752 2385 863 2464 palatia
875 2395 976 2442 narrat

265 2495 415 2543 conventu
427 2505 601 2565 pracerum,
623 2488 696 2545 sorti
711 2487 834 2545 senioris
848 2486 981 2566 adempti

265 2583 416 2645 delectum
427 2606 540 2645 numen
553 2597 701 2646 struerent
714 2608 773 2668 quc
785 2597 872 2646 nacte
883 2598 1013 2667 peracta.

263 2699 366 2766 urget,
390 2691 467 2768 agit,
488 2690 638 2764 stimulat,
660 2690 761 2769 pulsat
774 2692 868 2767 tatus,
888 2690 1050 2768 imprimit,
1071 2690 1172 2749 instat.

179 2789 242 2854 310
263 2788 443 2865 accelerent,
465 2800 652 2872 vacuantque
668 2785 789 2865 domos,
811 2794 951 2872 vicosque
965 2811 1019 2870 per
1033 2811 1136 2851 ornnes
1193 2809 1196 2818 ¹

261 2889 425 2969 gaudentes
441 2903 579 2968 auertant,
602 2905 632 2951 et
644 2912 798 2950 murmura
813 2895 910 2972 prima
924 2904 1083 2954 moventur

262 2990 398 3051 nundum
413 2994 490 3051 clara
505 3005 604 3069 metu3
627 2997 783 3074 civemque
797 2998 959 3073 interrogat
973 3013 1093 3052 omnem

262 3114 419 3154 accurrens
436 3097 526 3171 civis,
548 3115 709 3177 rsnucrque
724 3115 779 3175 per
794 3098 915 3174 agmina
930 3098 1035 3173 serpit.

304 3198 384 3257 Solis
399 3193 511 3256 honore
528 3201 598 3257 ucri
612 3201 689 3277 grati
701 3199 868 3277 spectacula
881 3198 951 3255 circi

178 3300 242 3368 8¹5
263 3302 378 3382 antiqui
393 3318 521 3358 sanxere
532 3311 648 3380 patres,
671 3304 724 3382 qui
738 3309 877 3381 quattuor
892 3313 957 3356 esse

262 3403 334 3462 aclis
348 3422 440 3483 equos
457 3401 588 3483 quadam
602 3423 702 3461 rerum
716 3404 830 3460 ratione
845 3400 998 3481 putabant,

189 3505 193 3520 '
259 3513 397 3584 tempora
412 3507 545 3564 continui
559 3508 712 3585 signantes
726 3515 865 3586 quattuor
881 3504 962 3577 anni,

258 3607 292 3664 in
308 3625 434 3688 qnorum
445 3609 576 3686 speciem
591 3610 685 3687 signis
697 3609 889 3687 numerisque
902 3601 1062 3686 modisque

260 3710 378 3787 aurigas
392 3707 533 3785 totidem,
554 3709 681 3769 totidem
692 3728 818 3790 posuere
832 3709 960 3768 colores:

172 3812 237 3877 820
257 3830 329 3870 nam
342 3808 446 3871 viridis
458 3812 562 3887 nerui,
585 3830 707 3892 campus
721 3831 776 3869 ceu
789 3811 927 3870 concolor
940 3795 1052 3886 herbis,

257 3915 378 3993 pinguis
393 3913 472 3972 oliva
486 3916 596 3988 comis,
618 3914 695 3972 luxu
707 3933 813 3972 nemus
827 3925 914 3971 amne
925 3915 1061 3989 virescit3

257 4033 377 4075 russeus
392 4016 527 4091 aestatis,
550 4017 638 4074 rubra
654 4017 697 4073 sic
714 4025 797 4074 veste
810 4007 962 4093 refulgens

256 4129 290 4177 ut
302 4117 446 4178 nonnulla
460 4119 568 4177 rubent
581 4116 697 4177 ardenti
711 4133 802 4197 poma
814 4109 930 4194 cclcre3

256 4221 392 4278 autumni
406 4231 550 4298 venetus,
571 4222 723 4300 ferrugine
739 4218 824 4281 dives
839 4230 869 4280 et
885 4231 975 4297 cstrc,
