2750 4625
434 317 492 387 DE
516 317 727 389 LAUDIBUS
749 319 918 390 lustrat.
1149 319 1226 398 449

128 489 232 546 laren.
254 488 293 550 1:
322 505 438 565 semper
461 505 515 566 ego
541 485 664 545 aneh'tor
682 486 823 546 metum?
851 505 1046 567 menqnamne
1069 507 1223 568 reponam.

128 571 257 630 Martinl.
272 572 394 652 coquus
413 576 452 635 12
468 576 524 635 18:
546 583 576 629 et
588 583 683 631 totum
695 573 772 632 milri
786 594 869 631 nunc
882 591 1004 651 repono,
1026 577 1172 654 quicquid
1184 590 1227 635 ter

128 657 219 716 denos
231 657 431 735 vegilueemm
439 677 498 734 per
510 677 617 716 annos.
640 677 731 738 supra
747 663 767 724 8
784 659 856 720 146.
877 659 1019 718 Dnursr.
1061 666 1226 744 reponunt]

128 740 187 801 hoo
200 752 245 801 est
259 745 369 800 iterum
381 746 550 822 iterumque
565 744 727 803 celebrant.
768 741 839 801 ride
852 745 924 803 Hor.
939 748 972 802 in
984 747 1057 803 Arte
1072 765 1102 803 v.
1121 752 1179 812 123
1197 761 1227 808 et

131 829 202 892 190.
244 824 317 886 huic
341 838 442 886 autem
462 830 579 903 versui,
613 839 647 888 ut
666 848 757 908 saepe
781 829 871 902 alibi,
900 849 1024 888 sensum
1049 839 1080 888 et
1102 832 1227 910 elegun-

128 914 204 984 tiant
236 914 474 992 interpunctione
509 916 636 975 restitui.
686 916 788 975 Foco.
850 915 1118 995 inter-pungebatur
1158 928 1227 997 pust

128 999 208 1056 tanti

216 1095 287 1160 164.
324 1098 489 1175 phalerato
500 1098 582 1158 dicta
593 1097 987 1179 apud'l'ereutiumPhorm.
1000 1104 1020 1166 3
1034 1105 1056 1167 2
1071 1101 1111 1168 15
1121 1095 1227 1165 Dona)

129 1191 179 1243 tus
191 1184 402 1263 interpretatur
416 1184 540 1243 honesta
554 1196 646 1267 utque
659 1198 777 1246 onmia.
822 1187 922 1246 Foco.

216 1303 287 1367 166.
331 1305 374 1363 sic
390 1306 514 1383 suprad
530 1302 601 1368 148.
633 1308 775 1364 Nazarius
787 1306 974 1385 Panegyrico
989 1301 1028 1364 ad
1039 1306 1226 1368 Constantio.
1349 1365 1352 1370 .

130 1390 210 1466 Aug.
229 1409 254 1446 c.
268 1387 307 1452 ὃς
334 1390 500 1447 existimare
520 1388 557 1447 de
570 1391 762 1469 principebus
777 1389 958 1470 nerninjsae
973 1402 1033 1449 eet:
1055 1413 1129 1450 nam
1148 1404 1178 1450 et
1193 1395 1229 1454 in

131 1472 277 1532 vestibulo
288 1495 343 1532 ena
355 1477 553 1554 inquirentem
564 1475 680 1554 repellit
693 1476 807 1534 obiecta
820 1478 983 1548 aetimatio,
1004 1487 1034 1533 et
1042 1479 1070 1534 ei
1079 1479 1133 1557 qui
1144 1497 1230 1537 men-

132 1569 190 1615 tem
205 1561 334 1636 propius
352 1560 525 1618 adiecerant
545 1559 600 1640 (ita
617 1557 686 1640 lego
706 1564 818 1641 partim
836 1581 877 1620 cx
897 1580 944 1620 ms
961 1564 1073 1640 partim
1095 1581 1136 1621 ex
1156 1563 1239 1621 con-⁴

131 1646 260 1702 iectura:
284 1646 358 1703 alias
373 1642 566 1725 adegenmt),
588 1648 671 1726 quod
680 1647 776 1705 cerdis
789 1648 823 1704 in
836 1644 927 1704 colem
939 1667 971 1704 se
988 1646 1230 1745 contendentibus

131 1731 241 1800 everrit,
256 1732 439 1807 praestricta
450 1733 516 1788 acie
527 1730 814 1810 vellendisncnltate
826 1742 997 1790 carnencas.
1022 1733 1136 1790 slmiles
1150 1730 1232 1812 apud

131 1815 325 1874 Salomonem
337 1817 450 1873 multae
464 1825 533 1874 suut
545 1819 721 1875 sententiae.
741 1813 887 1876 Boethius
899 1818 1042 1875 consolat.
1055 1814 1230 1902 philosoph.
1270 1807 1275 1825 '

132 1899 151 1963 5
166 1903 205 1964 6:
242 1894 388 1983 depellor
408 1895 441 1963 δ’
460 1898 512 1980 ἐμὲ
533 1904 627 1964 ταῦτα
646 1897 723 1966 θεὸν
744 1897 787 1975 a'ic
806 1894 901 1963 πάντ’
925 1894 1093 1983 droctrinae.
1135 1923 1232 1984 neque

131 1986 212 2042 enim
220 1985 281 2063 fae
299 1996 342 2043 est
359 1986 475 2043 homini
493 1996 617 2045 cunctos
636 1988 738 2045 dim'ni
755 1989 851 2065 operte
868 1986 1027 2044 machinas
1047 1987 1098 2044 vel
1110 1988 1231 2067 ingem‘c

131 2069 373 2147 comprehendere
400 2070 451 2129 vel
476 2070 624 2148 explicare
642 2092 785 2129 samone.
832 2089 1005 2152 quanquam
1025 2068 1170 2131 Boethius
1192 2072 1231 2132 de

132 2153 182 2213 dei
203 2155 308 2229 rebus,
330 2166 362 2213 at
381 2157 527 2234 Corippus
542 2153 580 2214 de
597 2157 742 2235 principis
755 2156 898 2236 loquitur.
942 2151 997 2214 sed
1016 2165 1045 2212 et
1063 2158 1231 2236 principem

131 2242 167 2300 in
178 2243 264 2299 tersis
279 2250 395 2298 constat
407 2259 471 2300 esse
488 2238 640 2321 quandam
653 2243 820 2320 imaginem
835 2240 966 2311 dadone,
996 2250 1029 2298 ut
1043 2251 1123 2299 recte
1137 2253 1167 2300 et
1179 2263 1232 2302 sa·

132 2328 189 2385 cris
201 2344 322 2406 quoque
333 2326 439 2383 litteris
459 2327 670 2384 convenienter
690 2327 793 2385 scribit
807 2322 873 2385 Ich.
888 2325 1122 2386 saresberiensis
1137 2331 1157 2391 6
1176 2328 1231 2395 25.

131 2412 175 2471 sic
190 2411 307 2469 Plinius
320 2412 505 2489 Panegyrico
519 2406 558 2467 ad
571 2411 739 2470 Traiantnu
759 2431 785 2470 o.
799 2414 859 2476 80:
885 2412 949 2488 ipse
960 2411 1068 2469 mnndi
1074 2432 1190 2490 parens
1203 2424 1233 2474 te

131 2494 230 2565 dedit,
254 2496 314 2573 qui
329 2514 402 2575 erga
420 2514 505 2553 omne
520 2494 675 2554 hominum
691 2517 790 2576 genna
809 2498 875 2554 vice
895 2517 953 2554 ena
966 2497 1153 2575 fungereris.
1200 2510 1231 2560 et

130 2583 287 2638 notissima
305 2591 350 2639 est
372 2578 421 2637 dei
437 2599 498 2637 rcx
509 2582 540 2637 in
555 2582 676 2641 Psalmo
698 2585 740 2647 82
759 2584 842 2648 oete
862 2581 1012 2662 principes
1030 2583 1230 2665 alloquentis:

57 2742 65 2751 ι
131 2686 186 2744 egro
200 2665 278 2735 dt'se',
299 2666 411 2723 sardii
424 2667 501 2723 estes
547 2667 641 2726 lirrr.

215 2767 287 2831 171.
327 2786 390 2824 non
412 2785 574 2849 concoqno.
616 2768 768 2847 lagereio
785 2784 860 2846 quoe
878 2764 932 2825 ille
948 2769 1031 2848 rigat
1053 2769 1120 2851 (aut
1136 2770 1228 2852 riget)
1337 2751 1356 2797 '⁸

122 2852 237 2933 sontes
282 2853 404 2913 Vorcs.

213 2952 256 3014 ib.
301 2956 417 3014 restitui
428 2954 494 3027 sed,
513 2966 546 3014 nt
560 2954 725 3013 sententiae
739 2952 785 3012 vis
798 2953 904 3036 exigit.
924 2954 1024 3014 Foco.
1067 2975 1115 3016 ms
1128 2959 1182 3016 cic.

217 3060 287 3122 172.
331 3060 448 3118 correxi
462 3077 557 3139 qnam
571 3054 627 3133 [ms
641 3058 722 3114 euim
736 3055 836 3134 quae],
857 3065 887 3113 et
899 3074 978 3114 nova
990 3058 1228 3136 interpunctione

131 3142 232 3201 locum
247 3139 382 3219 distinxi,
397 3165 436 3203 ex
450 3163 509 3225 quo
523 3162 594 3202 suus
605 3139 707 3220 prodit
722 3160 827 3200 sensus
844 3138 1042 3217 [incidebatur
1052 3152 1121 3219 post
1133 3163 1229 3201 οναη-

132 3229 197 3308 tes].
230 3236 361 3286 attamen
375 3250 405 3289 v.
421 3229 481 3296 175
498 3226 598 3288 adhuc
611 3226 749 3311 displicet
762 3221 795 3288 sei
806 3246 895 3305 quoe,
910 3237 939 3285 et
952 3226 1116 3306 legendum
1130 3224 1230 3286 eredi-

131 3310 228 3370 derim
239 3322 296 3370 act.
342 3334 404 3373 vox
417 3326 539 3373 orantes
554 3312 637 3371 idem
651 3322 737 3372 sonat
752 3330 787 3369 ac
801 3311 960 3383 laetantes,
982 3321 1012 3370 et
1027 3313 1147 3392 respicit
1159 3313 1229 3371 lau-

131 3395 267 3472 datores,
288 3415 350 3455 non
369 3399 516 3459 dominos.
558 3400 658 3458 Foco.

218 3502 291 3564 178.
334 3521 404 3559 omn
424 3504 460 3560 in·
478 3522 525 3561 ms
545 3498 689 3559 habentus
708 3500 859 3577 legeretur
882 3508 983 3557 contra
1000 3500 1140 3559 carminis
1155 3520 1227 3559 nac-

130 3604 192 3645 non
215 3595 245 3643 et
267 3589 432 3645 sententiae
455 3590 618 3660 rationem,
639 3595 849 3662 nosoptamns
862 3586 1065 3663 reposuimus3
1088 3604 1147 3666 quo
1164 3586 1227 3644 fem

129 3667 273 3821 lioqnenqi
287 3670 377 3731 modo
390 3674 535 3753 corippus
549 3672 650 3730 statim
662 3673 695 3729 iu
707 3671 855 3750 principio
867 3665 958 3729 huius
971 3672 1068 3748 operis
1083 3690 1156 3731 usus
1170 3681 1225 3747 est,

193 3796 203 3815 ι
272 3772 339 3816 UIZ·

204 3862 288 3958 182·
329 3861 437 3920 metris
458 3859 561 3918 neseio
586 3856 665 3940 quie.
706 3856 830 3918 Rnizius
850 3868 928 3919 certe
949 3852 1032 3939 apud
1057 3815 1224 3934 Fogginum

130 3953 224 4003 nocue

218 3985 288 4109 iel.
332 4043 399 4121 [ms
412 4046 484 4124 eeu]
506 4044 602 4103 scribe
617 4053 656 4103 et.
701 4044 802 4103 Fusa.

216 4144 258 4204 ia.
302 4164 362 4227 quo
384 4148 494 4206 melius
513 4144 590 4204 heac
612 4144 650 4204 de
670 4146 837 4205 litterarum
853 4143 1029 4204 eruditionis
1043 4144 1224 4223 praestantia

131 4230 322 4313 utilitateque
338 4234 476 4313 equoris
492 4232 715 4312 intelligantur,
734 4233 989 4313 operaepretium
1003 4232 1060 4289 erit
1076 4230 1224 4289 illustrem
