2750 4625
433 276 698 345 IOHANNIDOS
722 276 801 343 LIB.
825 278 884 346 Vl.
1131 277 1202 350 137

107 443 170 511 806
191 445 270 525 linge
282 445 358 505 vias.
401 445 536 526 sequtnr
546 456 662 505 uestras
676 446 825 507 exereitus
837 446 945 524 ingens

195 552 306 631 quippe
319 550 426 628 fngas3
448 566 642 631 quaeeunque
655 550 770 625 vireat,
791 550 958 608 attrivimus
973 566 1055 607 arva.

195 658 225 706 at
241 650 267 708 si
280 650 327 709 illi
339 649 418 710 nihil
431 653 603 726 invenient,
628 661 680 709 aut
693 652 842 731 spargitur
854 648 948 709 hostis

194 762 246 810 aut
264 753 346 812 fame
361 752 488 813 definiet.
531 754 596 812 fera
612 756 724 812 tuneai
738 754 972 832 praelineata,

196 857 289 915 vietor
302 858 375 931 eris,
396 859 550 936 victosque
564 856 660 913 limes
673 855 845 934 ferrumque
854 845 1003 911 natabit?¹

108 957 174 1022 310
237 959 402 1017 Consilium
413 958 524 1017 infelix
536 961 663 1037 plaauit,
685 959 839 1038 fossasque
853 957 976 1014 levavlt.

103 1082 112 1093 ·
195 1062 363 1141 insequitur
375 1063 460 1121 fartis
472 1063 617 1140 fugientia
630 1070 725 1120 castra
739 1060 892 1137 magister,

196 1163 384 1240 ingeminans
399 1167 458 1222 iter
472 1171 560 1223 timue
575 1180 673 1223 suum.
713 1165 775 1221 lam
790 1161 947 1240 proximus
961 1154 1041 1217 hosti

195 1265 308 1342 proelia
323 1265 456 1324 tentabat
469 1268 578 1327 iuuetis
593 1267 778 1327 eommittere
790 1263 900 1341 siguis:

196 1363 252 1424 sad
266 1369 337 1446 quia
351 1365 465 1426 duetori
476 1366 606 1426 uaedam
619 1375 802 1426 eonoesterat
814 1363 930 1437 horam,

110 1464 176 1531 315
198 1464 312 1527 distulit
325 1488 408 1526 arma
422 1467 509 1545 uleus,
530 1470 705 1529 melioribus
717 1481 787 1549 apta
799 1463 971 1546 triumphis.

196 1585 326 1650 uanaque
339 1590 394 1649 per
407 1582 546 1631 extensas
559 1573 723 1652 pergebant
737 1572 859 1650 agmina
874 1587 1005 1648 campos,

197 1673 297 1751 pulvis
314 1683 344 1731 et
361 1672 478 1733 adversi
494 1675 655 1754 apparebat
667 1677 775 1733 aertius
789 1669 883 1731 hastis

197 1771 272 1833 haut
283 1776 388 1855 praenl
400 1794 465 1835 esse
478 1779 560 1837 viris.
584 1764 588 1775 ⁵
603 1779 697 1838 virtus
710 1776 858 1836 arescebat
870 1774 983 1833 aaarbis

197 1876 364 1952 mentibus,
385 1889 416 1935 et
430 1880 639 1957 pugnantiam
654 1882 716 1938 iam
728 1878 842 1937 tentare
854 1877 1008 1956 parabant,

85 2020 89 2031 ·
113 1981 178 2045 320
198 1998 267 2039 oum
283 1981 379 2038 subito
394 1982 536 2041 ealefaota
551 1979 625 2040 dies.
667 2000 739 2039 nam
749 1980 890 2041 Phoebus
905 1976 1022 2039 anhelis

199 2083 287 2141 altior
300 2083 363 2141 ibat
378 2087 480 2164 equis,
502 2083 603 2144 medio
615 2085 739 2145 libratus
753 2086 786 2142 in
800 2102 869 2157 axe,

195 2182 328 2242 vindieat
339 2187 445 2245 mnbra
462 2186 535 2248 duas
547 2188 667 2246 brevior
682 2206 742 2267 qno
756 2196 890 2264 tempore
905 2183 1033 2262 plantas.

200 2287 319 2347 Africus
332 2290 502 2367 ignivomus
516 2300 669 2371 terrasque
684 2308 811 2348 exurere
824 2287 926 2346 flabris

197 2392 317 2470 incipit,
340 2401 370 2449 et
386 2394 490 2471 populi
504 2396 583 2452 vires
595 2395 749 2473 furiasque
762 2391 894 2450 resolvit.

115 2491 177 2558 825
199 2493 319 2551 flamine
338 2503 441 2552 cauata
455 2497 552 2573 rIgeut
566 2498 653 2574 igniti
668 2513 790 2575 corpora
804 2493 906 2551 ventis

200 2605 264 2654 aret
276 2595 379 2674 lingua
393 2591 481 2672 viris,
503 2598 594 2657 facies
608 2599 710 2674 rubet,
732 2599 809 2656 altus
824 2593 945 2680 uulpelat

198 2707 319 2776 pectora
331 2700 435 2777 pulmo
450 2702 545 2776 aiens,
566 2702 719 2779 mittitque
731 2720 748 2757 e
762 2698 883 2757 naribus
896 2700 1010 2776 ignem.

198 2818 304 2879 aspera
315 2801 463 2859 subtracta
478 2802 647 2861 fervescunt
659 2822 711 2860 om
725 2803 830 2878 saliva,

201 2913 230 2961 et
243 2904 315 2960 furit
331 2914 454 2963 exustus
467 2907 552 2963 slecis
567 2906 600 2962 iu
614 2904 750 2963 faucibus
765 2904 861 2963 ardor.

116 3006 179 3070 830
200 3007 298 3063 omisis
313 3006 350 3064 ab
367 3008 492 3066 intemls
507 3005 615 3067 humor
632 3008 697 3066 ssuit
711 3009 819 3066 auxius
837 3004 925 3079 extis,

201 3105 412 3189 perfunditqna
424 3120 538 3186 autam,
561 3128 652 3190 quem
663 3129 738 3169 mox
752 3114 881 3170 exsiacat
894 3109 1015 3187 iniquam

118 3269 123 3282 ,
201 3212 279 3270 atria
292 3211 356 3290 ipse
370 3213 466 3288 aalar,
488 3212 682 3294 tepidumque
697 3234 715 3272 a
728 3233 849 3293 corpore
864 3211 966 3270 sumit.

244 3311 326 3373 Vidit
339 3323 372 3370 ut
384 3311 443 3372 hoa
457 3313 575 3391 ductor,
597 3315 688 3375 dilato
702 3320 813 3392 Marte,
834 3311 993 3386 Iohannes,

203 3425 298 3475 eastra
311 3435 401 3493 snper
413 3415 515 3476 duleas
521 3421 627 3496 ‘posuit
640 3421 769 3480 sitientia
783 3419 892 3476 lentas.

118 3516 182 3583 836
204 3519 325 3578 confluit
341 3514 381 3574 ad
396 3516 511 3595 gelidas
529 3519 635 3580 ardens
653 3524 801 3580 exereitus
814 3518 921 3593 undas,

203 3619 439 3700 incumbuntque
454 3621 515 3679 siti.
558 3640 617 3702 quo
633 3639 717 3681 more
733 3623 884 3706 curulibus
898 3619 979 3679 horti

203 3722 378 3782 innumerae
396 3720 558 3781 densantur
570 3743 657 3803 apes,
680 3741 749 3782 oum
763 3725 825 3783 sole
839 3723 894 3782 snb
909 3721 970 3779 alta

203 3823 266 3881 iam
282 3842 347 3881 sese
362 3845 378 3882 e
396 3836 482 3904 pastu
500 3825 649 3900 reuerent,
671 3828 794 3905 titoque
808 3827 913 3887 menti

204 3926 379 3988 mellificum
390 3928 466 3986 bibit
478 3945 586 4008 agmen
597 3945 705 4010 aquas,
727 3930 770 3987 sia
783 3931 853 4008 igne
867 3937 1021 4008 pennum}

120 4105 475 4177 winimannum
572 4112 914 4182 autumniautumni
976 4135 979 4144 ·
1013 4117 1066 4169 313
1079 4116 1212 4167 teutabm

120 4178 306 4302 gpqildullmw
336 4179 390 4235 315
407 4183 506 4237 retal*
602 4182 654 4238 582
670 4182 778 4239 uerat
878 4183 943 4238 itit.
961 4184 1166 4255 autepidaqua‘t
1181 4186 1213 4241 Μ
