2750 4625
151 287 225 338 m
586 315 589 324 ,
610 264 793 336 rocem

237 436 344 517 ltaque
364 433 462 514 nugis
484 449 575 513 agere
594 443 669 516 puto
684 435 738 518 qui
749 435 901 496 Gresccnii
915 434 1073 497 canonum
1084 435 1253 500 collectoris

155 546 402 602 munerea
424 537 1253 617 notaoontperlssesibiblandiuntnr‚cum1niblri·

155 639 263 700 deetur
284 657 452 719 anonymus
469 637 625 700 adnotator
645 661 688 701 ex
705 662 742 702 eo
763 641 969 702 tantumnodo
990 644 1049 702 sibi
1065 645 1254 723 persuasisse

156 742 241 825 quud
258 741 394 804 umam
410 744 540 803 auctoris
553 755 632 804 esset
643 763 765 804 cannen
776 746 815 805 de
828 744 915 805 bellis
928 745 1100 826 1μῶ]οήιο
1114 745 1253 805 collectio

109 848 328 920 'damnum
350 844 584 925 qtsianimhum
605 846 1253 931 Grucominomeuntriqueoperipraefi-

119 945 122 950 ’
156 968 235 1008 xum
255 949 425 1024 insenum,
453 957 485 1008 et
511 950 583 1030 quia
608 952 707 1030 operis
730 953 886 1032 utriusque
905 961 1058 1011 auctorem
1075 951 1253 1010 Africanmn

156 1049 313 1114 mutum
329 1069 396 1114 esse
413 1051 572 1112 sentiebat.
614 1071 721 1111 reram
742 1052 1015 1114 animadvertamus
1036 1063 1151 1134 oportet
1168 1050 1254 1136 quod

156 1157 310 1216 emunit
332 1175 387 1214 seu
405 1155 502 1213 mens
519 1155 663 1213 crisconii
682 1174 793 1214 nomen
809 1157 866 1216 fuit
878 1158 961 1218 Afris
972 1158 1253 1231 familiarissimum,

24 1253 28 1260 ⁴
158 1269 193 1318 ut
206 1260 295 1338 plane
308 1259 404 1338 liquet
417 1274 458 1314 ex
474 1255 639 1314 collatione
653 1253 883 1338 Carthaginensi
896 1271 925 1319 et
939 1280 980 1318 ex
993 1262 1118 1341 epistola
1132 1260 1254 1319 concilii

156 1361 325 1421 'lileritani
346 1355 386 1417 ad
405 1357 614 1416 Innocentium
632 1376 745 1438 papam
762 1365 795 1435 l,
817 1381 946 1442 quarum
964 1366 1018 1421 uui
1037 1365 1138 1445 plures
1155 1364 1253 1422 inter-

157 1464 280 1522 fuerunt
301 1471 332 1520 et
354 1459 433 1521 hanc
455 1460 580 1520 alteram
596 1459 699 1540 plures
713 1476 922 1544 nuncuparunt
935 1464 1120 1542 digersartnn
1134 1463 1254 1524 sedium

158 1564 310 1644 episoopi,
338 1565 392 1645 qui
417 1581 480 1622 uno
508 1560 675 1644 eodemque
701 1566 851 1624 cresconii
873 1570 997 1628 nomine
1014 1568 1254 1650 appellabantur.

159 1677 205 1726 est
219 1667 312 1745 igitur
324 1649 506 1725 adnotatoris
518 1661 648 1736 adsertio
661 1663 826 1726 admodum
839 1669 969 1728 incertae
980 1667 1069 1746 fidei,
1092 1674 1148 1731 etsi
1161 1669 1255 1730 ludu·

158 1769 291 1830 bitanter
310 1768 450 1829 falsitatis
469 1771 530 1826 non
551 1786 663 1847 arguo,
682 1779 750 1828 tum
765 1769 836 1850 qula
853 1772 978 1829 minime
991 1781 1107 1850 pugnat
1120 1773 1255 1853 aliquem

159 1891 226 1932 esse
237 1874 312 1931 iuris
324 1871 460 1930 canonici
469 1871 601 1950 peritum
614 1873 688 1930 etin
700 1882 763 1930 arte
778 1875 895 1952 poetica
906 1883 1069 1953 potentem,
1083 1883 1149 1933 tum
1162 1877 1256 1936 etiam

159 1978 232 2057 qula
252 1975 338 2033 nulla
357 1976 490 2054 suppetit
505 1975 581 2033 ratio
603 1993 657 2032 cur
671 1965 835 2055 pernegem
846 1996 909 2036 nou
922 1971 1029 2036 eodem
1040 1976 1105 2035 fere
1118 1985 1256 2056 tempore

158 2077 272 2137 editam
285 2078 380 2138 fuisse
393 2078 601 2137 sallustianum
610 2076 770 2136 (lenonum
784 2079 1014 2139 cresoonienam
1027 2099 1064 2138 ac
1078 2077 1194 2138 editum
1209 2087 1256 2140 est

157 2201 176 2241 a
191 2181 237 2239 lll.
252 2181 411 2240 cresoonio
421 2179 550 2259 corippo
563 2199 683 2239 namen
695 2180 734 2240 de
745 2179 971 2261 bsuhLibyczs.
1017 2185 1153 2264 quinimo
1165 2183 1256 2264 equi·

158 2282 230 2345 dem
252 2285 350 2344 mutio
372 2282 506 2362 apprime
526 2282 681 2363 probabile
700 2281 798 2344 rideri
818 2282 900 2367 quod
921 2282 1028 2345 endem
1039 2285 1135 2345 fenne
1146 2294 1254 2360 aetate,

156 2389 214 2449 snb
226 2388 353 2467 imperio
366 2386 511 2443 nimirum
521 2386 680 2445 lutiniani
691 2388 812 2466 Magni,
833 2398 993 2469 utrumque
1007 2408 1082 2469 opus
1094 2386 1254 2468 prodierit:

156 2509 230 2550 nent
250 2482 291 2550 ex
315 2486 381 2549 loli.
398 2488 574 2568 crispiniani
595 2490 767 2549 testimonio
787 2490 913 2572 aliisquo
928 2491 1054 2550 inferius
1071 2486 1256 2577 adducendis

157 2595 309 2654 rationum
324 2593 485 2652 momentis
504 2601 585 2651 certo
603 2602 693 2654 teneo
707 2591 798 2653 huus
813 2594 952 2654 carnfinis
967 2602 1177 2673 argumentum
1190 2611 1257 2651 esse

157 2698 300 2758 Africano
313 2696 427 2774 praelia
440 2694 496 2753 sub
508 2696 723 2757 Iustinianobi.
737 2706 839 2776 gesta3
860 2704 892 2753 ot
906 2692 988 2776 quod
999 2697 1128 2775 pertinet
1139 2693 1179 2757 ad
1191 2694 1256 2755 col-

156 2800 319 2861 lectionem
333 2799 498 2871 crunnum,
520 2799 592 2877 quia
606 2799 662 2858 sub
677 2798 814 2859 eiusdem
825 2798 983 2859 lastiniani
992 2799 1035 2856 li.
1050 2800 1176 2879 imperio
1188 2812 1256 2856 eam

160 2918 282 2982 quoque
302 2896 448 2977 prodiisse
466 2899 592 2957 ooniicio
606 2918 647 2957 ex
660 2903 787 2979 epistola
800 2899 900 2961 eidem
913 2903 995 2980 operi
1009 2901 1156 2980 pressura,
1177 2918 1256 2979 quse

161 3000 261 3062 adhuc
274 3002 391 3078 integra
405 3009 559 3079 superest,
580 2997 621 3059 ad
631 2999 808 3076 [tiberinum
821 3004 1005 3080 episcopum.
1048 3012 1079 3059 et
1094 3019 1165 3059 sene
1182 3001 1257 3059 cre·

162 3106 282 3166 sonnino
298 3105 332 3162 in
352 3121 388 3161 ea
404 3100 478 3161 dicit
494 3121 528 3160 se
546 3119 705 3160 excusasse
719 3103 756 3161 ab
769 3104 904 3161 iniuncto
919 3119 1025 3179 opere,
1043 3099 1125 3182 quod
1137 3101 1256 3161 brevie-

163 3209 243 3269 rlum
267 3208 470 3266 emmona
490 3205 555 3263 sim
572 3205 804 3264 nvo-maesiam
822 3202 975 3263 Facundo
999 3202 1256 3284 Carthaginiensis

164 3307 848 3387 menusanumh'gummnmswan
880 3316 911 3365 et
940 3304 1256 3387 quodverereturne

161 3412 255 3472 aliud
274 3413 457 3470 breviarium
475 3409 656 3490 anquando
675 3411 741 3469 cisse
752 3408 931 3489 prudentiae
949 3408 1213 3488 deprehendentur
1223 3412 1256 3468 in

21 3574 28 3581 ,
160 3513 441 3596 uliquodaugarr5
465 3509 805 3595 qaaeloqnendiratio‚
825 3514 1257 3591 nonseousaceapientieeimi

162 3628 194 3678 et
213 3614 393 3677 mouths
410 3616 472 3673 ste·
490 3615 723 3695 appellationes,
745 3634 822 3696 quae
841 3612 956 3674 ibidem
970 3613 1121 3675 Fen-ando
1136 3618 1257 3696 insuper

160 3721 348 3795 tribuuntur,
367 3716 563 3779 vehementer
583 3716 712 3779 suadent
735 3730 787 3778 sut
810 3716 910 3776 adhuc
930 3719 963 3777 in
978 3719 1056 3778 rivis
1075 3717 1256 3778 Ferrandum
1274 3710 1284 3733 ”

161 3823 256 3883 faisse
277 3832 330 3882 ant
350 3822 460 3881 saltem
477 3822 544 3882 eius
562 3821 745 3882 brevintm
756 3840 818 3881 non
831 3820 928 3880 multo
941 3820 1118 3881 antefuisse
1133 3821 1256 3881 edittuu.

160 3926 225 3986 iam
247 3942 319 3984 vero
340 3942 433 4006 quem
455 3924 530 3984 latet
550 3925 605 3984 sub
625 3927 752 4006 imperio
773 3925 931 3984 Iustiniani
951 3924 1055 4002 Magni
1074 3922 1257 3983 Ferrandum

161 4025 322 4089 ssortu'ssei
363 4027 422 4086 fut
445 4029 528 4086 enim
547 4027 582 4087 S.
596 4028 747 4107 Fulgentii
768 4028 900 4107 episcopi
916 4028 1080 4107 RuspensIs
1099 4027 1132 4085 in
1150 4044 1257 4085 mone·

42 4154 46 4163 ‘
162 4132 253 4191 sterio
266 4127 423 4192 sesamae
436 4130 606 4190 meduno
620 4126 806 4211 discipulus3
829 4140 860 4189 et
875 4148 945 4188 oum
958 4129 991 4189 S.
1005 4130 1179 4209 Fulgentius
1195 4125 1257 4187 kal.

161 4234 229 4293 lan.
243 4252 272 4295 a.
285 4233 342 4296 sal.
356 4234 419 4302 cst
429 4244 558 4297 mortem
569 4233 695 4314 obierit,
717 4230 853 4296 eiusdem
873 4234 969 4298 vitm
986 4229 1142 4315 desssipsit
1155 4240 1186 4296 et
1200 4230 1257 4287 Ιο-
