2750 4625
162 266 238 338 sao
447 232 891 335 ‘rossemannum
914 262 946 329 1·
1025 208 1030 221 ’

161 453 232 495 eum
254 432 312 492 sibi
334 431 367 489 in
386 430 512 509 imperio
535 450 737 490 suscessorem
752 430 894 509 elegerat.
936 426 1136 489 veeuodarum
1151 444 1187 484 ao
1200 437 1267 485 ter-

161 523 274 577 tiarum
303 514 478 575 dicebantur
509 526 623 576 actem
652 516 715 590 illi,
751 519 804 595 qrsi
831 513 996 577 sectandum
1022 515 1204 593 tertiumque
1228 516 1266 571 isa

161 600 279 683 agendo
291 602 395 661 looum
407 601 591 661 obtinebant.
635 599 705 661 vide
718 602 885 666 Pliniumi
908 603 949 665 12
969 619 1024 659 seu
1041 595 1059 680 ᾗ
1074 601 1129 672 10,
1151 599 1275 689 11111.

161 691 281 755 biam
304 684 356 749 14.
398 686 498 747 Fauo.

247 787 299 855 48.
332 784 1075 867 firmavisoruuoulnslsioinfrav.1460t179·
1118 785 1267 845 iustinia-

162 895 220 937 uus
241 875 361 951 imperii
381 892 583 933 suooessorem
602 874 659 932 eibi
684 871 855 952 designarat
877 875 1040 947 lustinum,
1063 874 1172 930 sororis
1189 889 1265 929 suae

163 960 342 1037 vigilantiae
361 969 392 1016 et
405 959 578 1018 Dulcissimi
593 958 706 1034 filium,
725 979 818 1040 quem
833 956 1025 1037 adoptaverat
1040 959 1097 1016 sibi
1110 959 1144 1015 iu
1158 957 1263 1015 iooum

164 1046 236 1120 dlii,
259 1043 414 1122 sicutipse
429 1053 517 1103 antea
532 1062 551 1102 a
566 1045 679 1103 lutino
698 1048 713 1106 l
727 1042 886 1124 adoptatus
897 1044 1006 1102 fuerat.
1047 1045 1141 1102 Rara.

248 1142 301 1209 19.
344 1142 501 1225 mamm]
530 1145 563 1203 in
590 1148 721 1204 Homero
749 1148 928 1225 vituperavit
944 1147 1030 1206 Plato
1050 1143 1131 1226 quod
1152 1132 1260 1204 hero&

165 1231 269 1290 flentes
290 1227 451 1310 aliquando
473 1227 611 1288 inducatt
631 1232 684 1288 ille
706 1233 786 1290 enim
802 1230 910 1290 duoem
922 1233 1149 1311 principemque
1164 1234 1261 1308 exigit

163 1317 218 1397 qui
237 1316 278 1374 sit
297 1307 439 1391 α’παθής,
468 1317 534 1373 sine
551 1314 716 1395 affectuum
738 1316 880 1389 sisinulis5
901 1314 985 1396 quod
1001 1317 1151 1396 plaouisse
1171 1315 1260 1374 video

163 1401 274 1461 suisa
286 1397 367 1478 apud
382 1400 530 1458 Senecam
543 1419 644 1480 saepe.
686 1412 718 1460 st
729 1401 819 1481 longe
834 1401 868 1460 id
881 1401 918 1459 ab
932 1399 1126 1461 humanitatis
1141 1402 1261 1480 legibus

164 1493 329 1543 mmotumz
355 1503 428 1543 nam
447 1496 480 1543 ut
501 1485 686 1547 lib.1Aen.
706 1486 807 1562 Maro,
833 1497 905 1545 esau
927 1487 1071 1545 humeae
1091 1507 1204 1557 rerum,
1232 1496 1262 1543 es

164 1578 290 1627 mum
312 1570 454 1629 maruha
474 1581 614 1648 unguent.
659 1570 834 1630 Alexander
855 1574 927 1631 visis
950 1582 1089 1652 quattuor
1111 1573 1261 1631 militibus

164 1655 344 1712 Graecorum
357 1652 446 1714 foede
458 1657 604 1713 mutitatis
616 1656 713 1732 flevit,
736 1658 818 1716 cura
832 1656 869 1731 ὅ,
892 1667 922 1716 et
932 1659 1113 1737 poenitentia
1125 1676 1259 1733 suorum,

165 1739 225 1813 10,
247 1747 276 1795 et
300 1739 333 1795 in
355 1736 460 1797 funere
481 1740 575 1818 clyti,
596 1743 634 1813 8,
657 1750 686 1800 et
706 1743 800 1802 lulius
822 1742 947 1817 Caesar,
969 1743 1092 1802 Sueton.
1107 1763 1133 1801 o.
1149 1747 1206 1817 33,
1229 1753 1261 1801 et

162 1823 251 1881 'litus
271 1821 442 1899 Angustus,
472 1825 596 1882 Paullus
615 1826 740 1884 Diaoon.
764 1830 802 1902 9,
824 1836 854 1884 et
875 1829 1002 1889 Aeneas.
1045 1828 1150 1906 virgil.
1166 1829 1205 1891 5:
1231 1839 1261 1885 et

163 1908 382 1984 aomwsgue‘rseo
403 1907 566 1967 larrium
584 1911 772 1969 commendat
784 1909 925 1970 Acestae.
971 1922 1001 1970 et
1017 1913 1110 1971 lulius
1126 1915 1203 1972 Aen.
1219 1916 1260 1976 9.·

162 1992 207 2049 sie
222 1993 268 2048 ait
281 1991 479 2051 illacrimans.
524 1993 705 2055 Claudianus
721 1998 754 2053 in
767 1996 879 2056 Ruffin.
892 2002 930 2071 2,
953 1998 1005 2056 nbi
1020 2000 1101 2057 varie
1117 1996 1260 2058 decernit

163 2095 253 2156 super
265 2073 323 2135 hau
337 2095 386 2152 τες
405 2077 571 2157 galeasque
583 2078 688 2138 solua
702 2080 875 2140 humatam
886 2081 1029 2141 herum.
1072 2085 1212 2143 Dsursr.

247 2177 301 2242 60.
343 2178 418 2236 vivit
431 2189 522 2258 pater
539 2180 669 2254 aethere,
690 2182 779 2255 vivit,
800 2193 829 2241 et
842 2182 982 2265 fruitur]
1010 2187 1054 2245 sio
1075 2182 1255 2246 restituenda

163 2263 222 2324 fuit
237 2260 395 2324 disdnofio.
436 2265 532 2326 Rrrr.

249 2363 302 2430 62.
345 2386 434 2424 curas
450 2385 506 2425 nos
525 2371 713 2447 reposuimus
731 2391 786 2453 pro
807 2374 939 2445 sudores,
959 2372 1161 2457 quodminus
1182 2396 1256 2435 oon-

166 2459 285 2530 grueret
305 2460 335 2509 et
354 2452 460 2508 rationi
481 2456 620 2514 carminis
644 2468 734 2539 atque
759 2464 938 2535 sententiae3
968 2463 1027 2520 nisi
1047 2462 1137 2521 alioui
1158 2463 1255 2542 potius

163 2555 246 2593 nurse
272 2532 507 2615 expungendum
532 2536 678 2601 videatur.
723 2545 795 2625 quin
817 2556 847 2603 et
871 2548 1014 2625 corippus
1034 2544 1093 2607 hoo
1112 2544 1257 2628 loquendi

162 2616 254 2679 modo
270 2623 363 2680 utitur
378 2621 503 2681 inferius
518 2623 571 2683 lib.
586 2628 617 2687 2.
639 2629 732 2690 Rurz.
781 2629 814 2686 in
833 2631 930 2710 priore
952 2629 1082 2691 editione
1102 2631 1257 2692 admonuit

163 2707 321 2783 Assagrius
337 2707 369 2763 in
384 2725 431 2764 ms
444 2707 537 2765 fuisse
551 2710 672 2770 sudores
685 2714 801 2791 suaeuis
815 2735 928 2788 rerum;
950 2714 1031 2795 quod
1047 2715 1167 2775 tolerari
1182 2737 1258 2796 pos·

163 2799 225 2864 set,
247 2808 286 2848 ex
300 2791 422 2848 Horatio
436 2790 490 2848 lib.
507 2793 524 2852 1
539 2791 591 2851 od.
606 2797 662 2859 15:
684 2798 776 2855 sudor
793 2802 874 2858 enim
892 2800 1024 2877 difficilis
1035 2799 1131 2858 labor.
1176 2803 1255 2858 Stat.

161 2872 216 2930 lib.
230 2876 252 2937 7
265 2869 416 2930 Thebaid.
429 2873 540 2931 sudata
554 2876 610 2935 sub
622 2881 742 2940 Haemo
748 2885 880 2960 praelsa.
913 2883 1067 2943 claudian.
1085 2882 1123 2940 de
1136 2886 1155 2945 3
1171 2884 1254 2952 lion.

163 2954 335 3015 eonssslatu:
365 2976 453 3035 qaum
473 2962 572 3017 mensi
590 2972 619 3018 te
637 2985 698 3022 non
717 2967 845 3027 sudante
862 2968 1055 3045 trutmphum.
1108 2968 1151 3023 sio
1170 2967 1254 3025 enim

163 3051 243 3100 reate
262 3042 295 3098 in
311 3058 360 3098 ms
379 3058 449 3100 meo
469 3040 571 3103 codiee
591 3045 717 3125 legitur,
740 3069 799 3132 quo
814 3065 881 3111 utor
891 3051 1032 3110 beneficio
1047 3060 1077 3109 et
1092 3047 1170 3109 dono
1183 3070 1253 3109 ma-

161 3128 239 3184 ximi
260 3125 431 3204 Bongarsii3
459 3145 550 3206 quam
568 3129 728 3192 lectionem
742 3134 871 3195 admittit
886 3134 975 3194 editio
989 3136 1178 3196 Plautiniane
1192 3157 1253 3216 po·

162 3213 282 3287 sterion
302 3210 373 3268 licet
392 3211 425 3268 in
448 3210 576 3272 editione
597 3217 691 3296 priori
708 3219 801 3277 Delrii
821 3224 860 3279 sit
874 3219 1029 3292 suadente,
1051 3218 1133 3301 quod
1145 3223 1253 3301 recipit

163 3294 291 3375 Gryphii
309 3293 407 3355 oodex
419 3306 449 3354 et
460 3299 591 3359 Venetus
606 3311 674 3359 ante
689 3314 807 3362 eentum
823 3316 854 3364 et
869 3303 1064 3388 quadraginta
1080 3326 1174 3366 annos
1194 3326 1252 3366 ex-

161 3397 261 3439 ousus.
302 3401 401 3461 neque
415 3391 515 3441 tamen
527 3381 664 3465 displicet
677 3409 765 3447 curas
778 3410 869 3448 nune.
913 3392 1026 3456 utras
1050 3394 1125 3468 180,
1146 3395 1166 3456 3
1189 3393 1250 3456 139

162 3473 192 3523 et
209 3462 292 3522 aiibi.
335 3464 489 3525 claudian.
504 3466 541 3527 de
554 3474 574 3535 3
587 3473 701 3531 constal.
716 3476 840 3534 Houorii
847 3480 984 3555 patrium
995 3473 1094 3536 orbem
1106 3482 1185 3536 euris
1197 3497 1251 3534 ae-

162 3546 304 3627 qualibus
325 3570 424 3629 regere
443 3551 531 3613 dixit.
572 3554 655 3615 idem
673 3560 707 3616 iu
727 3559 837 3619 Ruffin.
858 3566 895 3626 2:
916 3582 977 3621 nors
984 3561 1082 3640 pudet
1094 3560 1251 3620 Ausour'cse

160 3652 249 3689 ouras
264 3643 292 3688 et
305 3635 374 3693 iura
386 3650 544 3715 regensem.
588 3644 631 3702 sio
644 3645 724 3702 enim
738 3643 812 3725 legit
827 3644 1014 3707 doetissimus
1026 3648 1197 3722 humerius,
1220 3656 1250 3705 et

158 3717 192 3774 in
204 3717 357 3776 Parisiana
372 3721 416 3777 sio
429 3741 590 3802 excusum,
614 3728 686 3788 lieet
702 3735 920 3813 manuscriptus
933 3752 1019 3792 meus
1034 3728 1131 3791 oodex
1147 3742 1178 3792 et
1188 3733 1249 3792 Ve-

161 3811 249 3859 netus
277 3804 500 3882 antiquissimus
527 3831 633 3872 erarem
652 3811 799 3893 habeant,
827 3829 907 3878 reato
929 3820 1021 3876 etiam
1039 3836 1148 3877 sensu:
1177 3835 1250 3876 nam

160 3886 303 3965 praefecti
333 3892 481 3966 praetorio
508 3912 595 3955 ourrn
621 3897 822 3976 vehebantur,
861 3913 895 3962 ut
919 3904 963 3962 ibi
989 3903 1092 3962 miultis
1120 3898 1249 3962 ostendi.

160 3972 302 4031 Druesv.
344 3991 414 4031 oum
427 3975 460 4032 in
480 3995 528 4036 ms
548 3979 615 4039 eod.
635 3986 735 4044 ristun
747 3989 786 4045 sit
798 3988 903 4047 Ruizio
920 3989 1075 4048 librarium
1094 3989 1248 4067 scripsisse

160 4055 280 4115 aedom
292 4077 386 4131 nune,
407 4059 540 4121 fortassis
554 4066 581 4124 si
596 4066 681 4146 legas
692 4071 779 4129 mado
793 4091 896 4146 emus,
916 4076 1048 4154 vestigiis
1060 4093 1108 4133 ms
1120 4070 1187 4133 eod.
1197 4074 1249 4130 in·

159 4136 296 4201 haerebis
309 4146 418 4226 magis.
458 4146 556 4212 noos.

240 4243 293 4310 68.
335 4256 388 4306 est.
430 4246 586 4329 legebatur
598 4250 703 4316 vitiose
718 4266 757 4316 et.
801 4259 897 4321 iim.
