2750 4625
394 272 553 343 losum
576 272 756 345 unonrs
779 248 858 344 us
882 276 910 344 1.

233 439 319 502 Talia
336 437 459 502 dicentis
472 438 598 522 pedibus
610 452 754 523 prostrata
769 442 927 525 iacensque

191 547 288 602 omnis
303 545 389 603 turba
400 546 491 603 simul
501 534 589 624 “pius
603 564 649 617 es,
671 539 832 603 miserere”
852 556 970 625 perorat

105 645 169 712 176
184 637 406 725 “supplicibus,
428 649 475 704 vir
491 656 609 722 sancte,
629 648 704 705 tuis:
730 667 866 706 succurre
881 650 1011 729 periclis.

191 750 289 806 omnia
303 768 377 807 mcx
390 749 529 807 veniente
541 744 589 805 dia
604 748 728 827 periisse
742 746 868 824 ridebis,

190 851 217 910 si
232 869 357 909 nautam
372 852 479 929 uulgus
493 853 556 908 sine
569 850 703 929 principe
716 853 840 910 senserit
855 852 966 910 airlain.

189 962 450 1035 qualiumcunque
464 953 535 1010 boni
549 963 669 1011 moveat
686 951 805 1012 dilectio
822 958 924 1034 patris,

103 1064 107 1077 ’
189 1075 249 1115 non
263 1057 302 1114 sit
314 1074 397 1112 amor
409 1056 521 1135 patriae
535 1055 630 1134 patrio
645 1043 754 1113 minor.
797 1058 861 1135 ipse
875 1069 976 1114 tenere

104 1159 168 1225 180
187 1166 303 1236 sceptra
317 1167 385 1216 tuus
398 1159 528 1216 moriens
540 1167 570 1214 te
585 1157 671 1214 iussit
684 1152 848 1217 avunculus
862 1179 924 1218 ore.

188 1262 286 1340 aspice
302 1269 412 1339 quanta
425 1260 482 1316 fuit
495 1270 612 1317 nostrae
624 1260 714 1316 simul
728 1259 809 1317 urbis
825 1270 854 1318 et
866 1263 945 1321 orbis

187 1360 311 1444 provida
328 1381 397 1419 cura
411 1363 487 1420 seui.
530 1380 583 1441 pro
598 1371 627 1419 te
641 1354 715 1420 deus
728 1363 826 1419 canitia
841 1363 912 1422 lecit

188 1465 339 1547 quaefieri
350 1464 454 1521 voluit.
498 1461 962 1544 soliumcon'sceudepotamum,
1064 1501 1069 1510 ·

189 1579 219 1629 et
232 1586 301 1648 rege
317 1567 499 1642 subiectum,
521 1567 658 1645 princeps
673 1564 848 1641 fortissime,
869 1568 1027 1627 rutiodtuu.

104 1676 166 1742 185
187 1692 274 1733 aurea
287 1680 425 1729 nascetur
435 1669 519 1727 robis
534 1666 725 1746 regnantibus
743 1679 833 1743 aetas,

188 1796 245 1836 nec
257 1783 375 1832 mutans
388 1769 524 1830 dominos
535 1770 669 1829 Romana
685 1769 835 1829 ridebitur
850 1764 951 1831 aulaf

227 1876 355 1939 Vocibus
369 1872 417 1965 liis
431 1866 526 1932 liexus
541 1875 628 1931 cessit
639 1870 779 1931 tandem:
802 1874 861 1930 itur
873 1875 903 1931 io
919 1896 1018 1932 orcam

186 1974 327 2061 ohsequio
340 1979 498 2034 comitante
511 1987 640 2055 patrum.
683 1970 849 2056 gratissima
865 1978 974 2036 coniux

185 2081 388 2162 subsequitur,
410 2098 469 2135 non
480 2088 551 2137 turm
561 2076 648 2138 'solito
664 2080 770 2157 stipata
786 2081 927 2137 tumultu.

102 2190 164 2254 190
186 2182 324 2243 incedunt
337 2179 436 2239 media
451 2200 585 2239 securam
598 2191 685 2239 nocte
699 2198 753 2259 per
766 2176 870 2235 urbem

184 2289 282 2348 factate
296 2303 403 2364 parum
415 2284 502 2358 laeti,
524 2284 661 2365 quamvis
674 2278 823 2362 gaudente
839 2294 942 2340 sertotu

185 2390 343 2471 imperium
359 2395 508 2465 paterent,
530 2405 703 2466 quanquam
719 2387 817 2441 omnia
833 2396 896 2443 tuta
910 2384 1054 2443 riderent.

184 2491 293 2552 divitiis
310 2490 417 2547 atrimis
433 2487 528 2545 inerat
543 2483 629 2545 dolor
644 2488 697 2545 ille
711 2489 861 2566 parentis3

183 2607 251 2654 aitte
265 2594 329 2673 pios
342 2590 442 2649 oculos
456 2591 536 2648 mitis
549 2598 683 2647 versatur
697 2591 807 2667 imago.

102 2700 161 2766 195
181 2698 234 2757 illa
246 2703 347 2753 movet
358 2703 507 2767 mentem,
529 2692 707 2770 penitusque
721 2692 752 2746 in
767 2700 885 2769 pectore
902 2703 1026 2773 utroque

183 2796 311 2859 indivisa
323 2814 447 2853 manens
462 2797 509 2873 pia
524 2795 648 2851 numina
662 2793 785 2850 numine
802 2794 940 2873 complet.

223 2902 329 2959 Limen
342 2906 376 2954 ut
389 2899 541 2973 Augustae
557 2915 640 2952 sacro
653 2892 730 2974 pede
746 2897 868 2973 contigit
884 2897 980 2974 atilae,

181 3002 281 3063 omnia
295 3000 443 3080 gallourm
458 3007 645 3077 strepueumt
660 2996 790 3055 culmina
808 3008 907 3058 canui.

182 3115 318 3165 exactam
330 3111 447 3160 noctem
457 3103 548 3181 primi
559 3120 677 3159 sensere
690 3101 836 3175 volucres,

96 3213 158 3276 200
180 3220 209 3268 et
222 3209 334 3264 laeuam
348 3206 479 3262 cecinere
493 3201 588 3277 diem,
611 3203 785 3284 alarumque
798 3201 907 3262 dedere

180 3308 332 3390 plausibus
346 3303 473 3365 assiduis
486 3316 515 3364 et
530 3315 615 3364 acuta
628 3326 701 3363 voce
714 3305 858 3362 favorem.

219 3408 372 3468 Excubiae
386 3409 526 3488 primum,
550 3421 626 3489 quae
638 3425 755 3466 summa
768 3406 879 3485 palatia
894 3417 1022 3482 serrant,

177 3512 337 3591 imperium
348 3511 424 3568 felix
438 3508 566 3568 dominis
582 3508 760 3567 intrantibus
774 3518 888 3587 optant,

178 3625 208 3672 et
221 3625 341 3673 cunctos
354 3612 452 3672 aditus
467 3622 581 3671 ennato
595 3613 691 3669 milite
704 3609 827 3685 vallant,

95 3715 154 3780 205
176 3734 214 3773 ne
227 3717 294 3796 quis
306 3717 337 3773 in
351 3718 519 3793 Augustam
533 3715 697 3771 contrarius
713 3709 821 3769 audeat
836 3711 937 3769 aulam

77 3879 81 3894 Ι
176 3815 326 3875 infensum
340 3818 473 3876 conferre
488 3813 608 3896 pedem.
641 3814 759 3873 devotio
774 3823 856 3872 tanta

175 3928 265 3998 atque
279 3916 435 3977 hominum
452 3918 567 3977 cautela
580 3918 637 3976 fuit
651 3918 815 3996 sollersque
830 3917 978 3974 bonorum

175 4017 344 4079 sollicitudo
356 4031 493 4098 patrum:
512 4037 584 4076 uam
598 4020 665 4099 quis
680 4028 807 4077 tentaret
819 4019 934 4095 obesse,

175 4140 245 4180 cum
260 4119 333 4180 deus
346 4122 506 4202 imperium
517 4129 619 4180 sancto
631 4122 694 4178 iam
711 4117 828 4178 dixerat
843 4140 895 4178 ore

92 4225 153 4286 210
173 4223 287 4290 lustina
302 4221 491 4305 Sophiaeque
504 4221 585 4298 dari,
607 4240 753 4303 mutoque
766 4223 880 4302 potenti

1125 279 1195 350 171
