2750 4625
261 313 269 330 ‘
370 332 532 403 uuum
556 329 843 404 mousuu.
866 333 923 406 tv.

182 499 247 581 ipse
262 512 363 562 autem
376 504 482 563 eousul
495 521 578 562 sauro
590 498 761 562 diademata
771 503 902 582 fulgetis,
924 499 930 506 '
1008 503 1012 512 ’
1051 505 1056 512 ’

181 613 301 663 omatus
313 607 431 690 trabea,
451 608 639 686 gemmisque
658 615 799 686 ostioque
814 605 938 679 nitebat,

94 702 159 769 245
180 727 231 765 ore
242 705 436 790 humerisque
448 719 570 788 pateus3
598 718 628 767 et
640 709 717 767 suari
730 704 853 766 luminis
868 710 963 767 uester
1109 713 1113 722 ’

178 810 261 869 iliius
275 820 413 890 uspestus
424 829 560 890 gemmas
572 809 711 867 viuoebat
724 819 756 868 et
768 829 884 886 aurusn,

178 911 322 989 angelicis
338 912 432 971 oeulis
449 931 622 993 exaequans
637 910 736 971 sidera
753 911 840 971 caeli.

176 1015 301 1093 contigit
313 1024 347 1071 ut
361 1029 462 1072 sactae
475 1015 575 1073 felicia
585 1016 691 1073 limina
703 1025 818 1093 portae,
831 1047 834 1056 ι

177 1119 294 1175 tramite
312 1136 370 1198 qua
385 1126 465 1176 teoto
483 1114 616 1176 mediam
630 1118 680 1174 via
695 1114 776 1175 daoit
790 1117 822 1175 iu
834 1116 951 1192 urbem,
1056 1183 1062 1194 ⁴

86 1216 154 1285 250
174 1219 279 1277 terruit
290 1221 408 1279 iuoessu
423 1221 568 1300 populos,
590 1217 745 1298 ooulisque
759 1219 876 1279 refulsit

175 1321 274 1403 qualis
287 1321 324 1378 ab
341 1323 450 1382 Oceani
462 1318 586 1403 liquidis
599 1320 645 1379 sol
661 1340 769 1380 aureus
783 1319 874 1382 undis
994 1311 997 1317 ’

174 1420 366 1504 splendentes
378 1424 471 1482 mittit
482 1422 597 1497 radios,
619 1423 787 1503 rutilosque
797 1442 936 1483 sonuum

172 1525 273 1586 fundit
286 1526 397 1606 ubique
410 1523 491 1584 diem
505 1523 713 1612 mundumque
728 1525 879 1584 illuminat
892 1545 1013 1585 omnem

173 1631 249 1689 lucis
262 1627 376 1688 honore
390 1648 473 1687 suae.
514 1632 580 1689 viso
596 1640 669 1688 tum
681 1629 809 1687 oousule-
817 1628 922 1707 plebes

86 1729 151 1798 255
171 1731 326 1812 plausibus
339 1729 504 1810 adsurgsmt
514 1742 545 1790 et
558 1751 648 1791 voees
661 1731 786 1791 vocibus
800 1728 924 1790 addunt.

171 1834 215 1892 sia
225 1833 302 1891 bene
318 1836 467 1914 quaesitus
480 1844 514 1892 ut
526 1836 618 1915 pullis
633 1836 768 1914 porrigat
781 1850 874 1907 esoas,

170 1937 253 1994 mitis
267 1933 395 1994 hirundo
410 1934 507 1996 redit:
528 1947 687 2017 postquam
702 1932 742 1993 ad
754 1953 808 1993 sua
823 1943 902 1993 teuta
916 1932 1045 1996 videnda

169 2038 288 2114 garrula
301 2058 356 2118 per
371 2041 488 2119 patulas
501 2038 593 2098 fuetit
610 2036 709 2098 delata
722 2037 878 2111 fenestras,

168 2142 273 2199 matris
285 2129 493 2200 inadveutum
505 2139 742 2218 nidooousurgit
757 2139 795 2197 ab
807 2140 891 2198 omui

83 2244 148 2307 260
167 2241 252 2300 turba
266 2244 394 2326 loquax,
416 2245 609 2325 flagitantque
622 2242 726 2318 uibus!
746 2241 884 2324 fidaeque
898 2241 1030 2322 parentis

168 2347 269 2406 oribus
284 2366 336 2405 ora
349 2356 472 2425 petunt,
495 2357 525 2404 et
538 2345 647 2424 apertis
660 2344 797 2404 faucibus
813 2344 950 2404 adstamt

166 2448 221 2506 illa
235 2446 290 2507 sed
304 2446 483 2528 impendens
496 2445 605 2505 nidum
622 2448 823 2527 eiteumspioit
836 2466 968 2523 omnem,·

167 2547 377 2630 distribuitque
391 2552 472 2629 pias,
494 2558 527 2607 ut
542 2560 664 2608 semotos
675 2550 803 2625 nutriat,
827 2568 920 2610 eseas·

209 2651 357 2710 Sanxerat
367 2654 521 2730 Augustus
535 2649 667 2730 Sophiae
684 2653 863 2729 cognomine
874 2653 1033 2732 templum,

79 2753 143 2821 265
164 2756 334 2813 Romanum
346 2755 486 2832 princeps
503 2771 571 2810 oum
587 2753 769 2811 lastinianus
787 2750 909 2812 haberet

163 2857 341 2935 imperium,
364 2851 542 2935 Christoque
558 2855 662 2915 voleus
678 2874 733 2915 sua
749 2866 817 2915 vota
836 2854 949 2916 dieat-at

162 2976 248 3016 meus
260 2958 413 3035 Auguste,
435 2976 519 3033 reor,
540 2954 603 3016 iam
614 2976 675 3016 nou
690 2959 794 3038 ignare
806 2959 915 3036 fitteri3

162 3068 215 3117 eut
228 3061 326 3137 magis
335 3060 480 3147 ignarum
491 3070 571 3119 reete
586 3058 659 3119 deus
673 3058 778 3119 ordine
792 3059 881 3121 duxit

162 3169 231 3220 aute
243 3160 411 3220 futurorum
425 3173 586 3242 quaesunt
601 3183 709 3224 ateana
720 3162 867 3222 bonorum

77 3265 141 3331 270
160 3263 300 3342 auspiciis
315 3282 430 3321 sacrare
442 3266 512 3344 piis.
543 3263 705 3326 Theodora
719 3265 842 3345 regebat
889 3296 893 3307 ·

160 3374 294 3445 tempore
310 3382 370 3444 quo
384 3384 499 3426 sauram
511 3367 649 3429 fundavit
666 3365 801 3428 eonditor
812 3387 923 3447 amem,

160 3476 191 3524 et
206 3464 338 3546 Sophiae
349 3447 461 3525 nosneu
477 3468 612 3529 noudum
623 3474 775 3548 regnantis
788 3469 900 3530 habere

159 3588 216 3627 arx
228 3572 348 3628 meruit.
391 3572 499 3650 sceptri
511 3571 630 3629 fuerant
645 3591 681 3629 ea
695 3574 781 3650 sigua
793 3572 898 3633 futuri.

156 3670 264 3750 iugens
273 3674 467 3753 mysterium,
488 3692 598 3753 magna
609 3672 691 3755 quod
703 3674 784 3732 mole
798 3674 920 3752 lutabat,

71 3770 136 3838 276
154 3774 323 3853 perfectum
337 3776 479 3856 patefecit
491 3794 585 3857 opus:
607 3777 658 3835 viu
671 3774 772 3834 lucida
788 3779 898 3838 uostris

155 3893 237 3934 uuuo
248 3877 327 3936 faeta
340 3888 385 3937 est
398 3879 509 3954 oculis3
530 3879 691 3939 manifeste
703 3880 770 3937 luce
780 3877 920 3940 videmus

155 3977 230 4036 olim
244 3982 426 4058 promissum
440 3983 561 4041 caelesti
573 4001 699 4040 munera
712 4000 839 4060 regumn

154 4079 268 4139 Iustino
281 4080 473 4165 sophiaeque
486 4085 562 4164 piis,
582 4086 738 4165 patuitque
752 4082 834 4165 quod
845 4092 916 4143 oute

155 4179 291 4241 clausum
304 4195 383 4262 erat,
408 4197 439 4245 et
450 4186 543 4245 nullis
558 4187 698 4246 velamen
712 4186 826 4246 visibus
842 4187 950 4247 obstas.

67 4282 131 4347 280
152 4301 218 4352 rem
231 4283 344 4366 Sophia
358 4285 481 4368 diguam
493 4298 573 4348 oerto
584 4290 730 4368 sapientia
744 4290 836 4378 feeit:

1119 335 1195 406 205
