2750 4625
157 283 269 344 'nrm
536 274 875 344 Mizzttccltsstrffl

162 444 241 501 festo
261 450 343 521 patet
361 461 424 501 non
442 441 517 502 alias
536 463 601 503 esse
616 459 707 525 quam
718 443 799 522 ipses
811 439 989 502 Penarcbae
1001 445 1151 525 helogar,
1171 444 1252 527 quod

164 542 348 618 evideusxest
359 545 410 604 vei
424 565 465 604 ex
478 545 543 610 solo
557 546 654 625 primo
668 565 757 605 rersu
769 547 899 625 Rclogae
913 548 1048 625 primae:

288 648 429 719 Mance,
449 647 633 728 canqcilo,
653 647 736 713 coho
750 646 807 706 tibi
819 649 956 706 madico
965 659 1063 707 anco.

161 749 195 808 in
216 760 366 830 postrema
383 761 485 810 antem
504 749 615 811 codicis
629 753 740 831 pagina
756 761 826 809 sunt
840 753 880 814 86
895 753 1010 829 priores
1027 771 1129 812 versos
1146 751 1216 810 iibri
1233 758 1248 817 l
1370 777 1371 796 ¹

160 855 307 934 poematis
321 856 415 933 ipsius
428 849 623 928 nombre,
645 850 727 933 quod
740 852 853 932 Africo
866 854 1045 914 inscribitur.

244 955 307 1018 Sed
331 967 492 1037 antequam
515 952 689 1034 progrediar
715 953 754 1013 sd
780 954 961 1015 recensenda
981 968 1079 1016 cetera
1100 956 1250 1037 poematia
1370 973 1371 1003 t

126 1045 133 1057 “
155 1054 247 1117 'istius
267 1056 305 1116 de
323 1060 431 1134 bonis,
454 1056 672 1117 obserrmdmn
687 1068 733 1117 est
753 1056 825 1117 huic
845 1065 951 1138 poetae
970 1071 1087 1139 praeter
1105 1058 1250 1118 Iodcmmb
1369 1077 1371 1106 t

87 1223 90 1228 ,
158 1177 284 1236 nornen,
312 1180 372 1242 quo
391 1181 451 1220 uno
469 1181 539 1220 eum
560 1161 713 1240 appeliant
730 1160 877 1233 Quadrius
896 1164 1007 1243 aliique
1022 1161 1186 1236 Quadrium
1198 1181 1248 1220 se-
1369 1179 1371 1210 t

158 1266 239 1340 cuti,
261 1262 345 1322 clind
366 1265 488 1341 insuper
505 1261 598 1320 fnisse
621 1280 750 1336 nomeu,
774 1267 863 1323 unica
882 1267 981 1324 littera
999 1267 1029 1324 L
1046 1264 1248 1343 desIgnatunr.
1369 1282 1371 1313 ε

156 1366 264 1424 Utrum
289 1384 360 1423 vero
379 1365 510 1421 Leonem
532 1362 582 1420 rel
603 1363 796 1421 mammon
817 1383 856 1423 an
873 1368 1064 1426 Ludovs'eum
1081 1366 1192 1424 indicet
1209 1367 1246 1439 L,
1366 1385 1371 1415 r

156 1464 256 1526 cdhuc
270 1463 347 1524 mihi
360 1476 405 1525 est
419 1467 652 1545 incompertum,
671 1485 742 1524 cum
758 1485 908 1548 nusquam
922 1472 1089 1529 invenerim
1100 1466 1177 1527 lllud
1188 1486 1246 1525 no-
1364 1488 1372 1519 ι

156 1589 227 1628 meu
247 1570 407 1648 scripturn,
427 1566 483 1627 sed
499 1568 611 1647 ubique
622 1577 739 1626 tantum
749 1570 837 1627 unica
848 1570 901 1627 ilic
916 1573 1014 1629 littera
1028 1579 1246 1650 praenotatum,

154 1689 332 1752 semperque
360 1681 428 1750 post
452 1669 598 1729 Iohannis
620 1689 732 1727 nomen
752 1671 802 1729 vel
821 1672 936 1750 integre
956 1675 1012 1730 vel·
1025 1669 1246 1750 compendiario
1362 1691 1372 1723 r

155 1776 299 1855 scriptum
314 1774 511 1854 subsequitur
517 1771 595 1831 iilud
606 1773 650 1844 L,
675 1770 758 1854 quod
770 1775 871 1832 nescio
885 1792 945 1854 qua
959 1771 998 1831 de
1014 1785 1102 1832 causa
1116 1772 1150 1832 id
1164 1776 1245 1845 oua·

154 1874 237 1936 drius
256 1877 450 1956 praeterierit.
492 1884 624 1933 attamen
643 1875 835 1934 Ludovicum
852 1877 946 1935 ianime
959 1877 1023 1935 eius
1036 1895 1147 1934 nomen
1161 1886 1243 1954 puto,
1359 1909 1368 1930 .

152 1989 256 2058 utpote
269 1975 352 2058 quod
363 1977 493 2036 crebrius
506 1977 560 2035 iilo
573 1978 693 2037 saeculo
705 1989 880 2057 usaupstum
894 1990 1037 2038 occurrat.

235 2083 297 2139 Nec
314 2078 374 2140 duo
388 2090 506 2140 tantum
521 2077 640 2138 codices
655 2083 754 2138 musei
771 2071 930 2157 Tri'ruitii‚
948 2080 1004 2140 sed
1016 2089 1156 2163 quattuor
1168 2097 1242 2138 con·

149 2184 247 2243 tinent
263 2186 395 2242 carmina
408 2179 475 2241 ioh.
489 2184 525 2240 ia.
541 2179 580 2239 de
592 2184 699 2257 Bonis,
723 2185 837 2259 omnic,
859 2186 885 2243 si
905 2186 1021 2264 superis
1041 2185 1158 2263 piacet,
1177 2193 1242 2240 tam

145 2287 303 2366 imperite,
324 2296 388 2344 tam
407 2285 549 2359 barbara,
572 2285 635 2343 sire
656 2303 734 2366 quae
753 2287 859 2345 Latine
878 2289 942 2346 sive
957 2307 1034 2369 quae
1048 2288 1152 2347 italice
1165 2286 1241 2345 seri-

145 2391 222 2468 psit,
242 2390 422 2467 composita,
446 2397 481 2445 ut
498 2389 614 2446 nemini
627 2389 739 2447 mirum
752 2400 908 2470 propterea
921 2389 1018 2449 rideri
1035 2387 1143 2448 debeat
1158 2385 1239 2468 quod

145 2501 209 2552 tem
226 2492 307 2549 male
329 2491 520 2570 exscripserit
535 2494 627 2550 etiam
639 2492 762 2571 Gorippi
775 2498 895 2571 poema.
937 2492 1021 2551 iubet
1034 2503 1136 2550 tamen
1148 2493 1240 2549 etiam

144 2589 183 2651 de
199 2594 323 2675 reliquis
336 2594 432 2652 uibus
443 2591 596 2652 codicibus
616 2591 705 2674 (curn
723 2595 795 2653 satis
814 2596 876 2652 iam
891 2592 1082 2674 descripsisse
1098 2591 1239 2651 mibi-vi-

145 2691 220 2753 dear
229 2697 360 2775 priorem
373 2698 461 2755 ilium
474 2697 506 2754 in
519 2716 579 2777 quo
591 2706 637 2755 est
649 2699 745 2755 nostri
759 2698 881 2777 Gorippi
892 2696 1021 2777 poema)
1037 2694 1147 2756 addere
1159 2712 1239 2753 norr-

143 2797 245 2871 mriia‚
265 2808 300 2855 ut
317 2800 415 2876 magis
434 2817 470 2856 ac
489 2800 587 2876 magis
606 2809 749 2877 appareat
766 2798 912 2879 quidnam
930 2798 1062 2859 hominis
1079 2799 1186 2870 fucrit,
1208 2806 1239 2853 et

144 2917 207 2980 qna
227 2908 342 2973 aetate,
365 2918 425 2979 quo
444 2900 511 2958 ioco
525 2902 636 2958 vixerit
653 2907 742 2978 poeta
757 2897 809 2958 iric
822 2921 863 2960 ex
875 2905 995 2976 metio,
1016 2902 1116 2972 cuius,
1136 2907 1171 2954 ut
1188 2897 1236 2953 ri-

146 2997 265 3075 dimus,
286 3011 333 3059 tot
352 3003 446 3059 nostri
467 3002 624 3080 scriptores
644 3005 861 3077 muniuerunt,
882 3020 1002 3082 unaque
1017 3008 1131 3057 constet
1144 3015 1236 3077 qaam

144 3120 302 3184 perperam
319 3105 408 3163 illum
428 3101 518 3162 huius
539 3101 646 3162 inediti
658 3104 805 3181 poematis
818 3104 944 3161 fecerint
958 3111 1126 3173 auctorem,
1150 3101 1235 3158 caius

145 3217 262 3266 tantum
282 3208 342 3265 tuit
361 3208 542 3286 exscriptor,
566 3216 596 3264 at
610 3203 694 3286 quod
710 3207 808 3283 magis
829 3202 926 3279 dolet,
947 3204 1113 3281 exscriptor
1126 3202 1152 3258 si
1166 3202 1233 3281 qtris

142 3310 220 3369 aiios
233 3312 484 3390 imperitissimus.
519 3310 557 3368 ab
571 3309 626 3367 iiio
639 3308 782 3387 incipiam
794 3304 896 3366 codice
907 3324 999 3387 quem
1012 3302 1160 3378 Quadrius
1169 3314 1233 3360 tra-

140 3414 247 3487 ctarit,
268 3411 405 3493 dixitque
419 3433 485 3472 esse
497 3410 757 3470 membranaceum
770 3412 803 3467 in
817 3418 938 3490 quarto,
957 3419 991 3467 nt
1005 3410 1105 3482 ciunt,
1125 3423 1233 3485 quem-

138 3534 199 3596 qne
221 3534 277 3594 ego
298 3516 331 3572 in
349 3511 522 3572 adornando
540 3513 625 3572 brevi
642 3510 777 3571 indictio
794 3531 858 3571 mss
871 3510 1009 3570 codicum
1024 3510 1231 3568 Trimitiano·

136 3637 220 3693 rum,
241 3636 369 3699 quorum
385 3635 528 3674 numerus
548 3615 643 3674 ferme
657 3613 698 3674 ad
710 3618 794 3680 2000
809 3612 960 3688 escendit,
982 3614 1101 3692 signari
1116 3614 1142 3669 A
1157 3613 1231 3675 273.

133 3718 162 3776 is
183 3721 316 3778 continet
334 3720 426 3798 priori
446 3719 479 3775 in
499 3717 569 3776 ioco
590 3719 711 3796 eclogas
736 3728 815 3792 tres,
845 3735 973 3797 quarum
996 3718 1094 3795 prima
1122 3711 1232 3771 dicitnr

135 3818 246 3880 Inous.
292 3840 395 3879 versus
411 3830 511 3878 autem
527 3821 589 3884 100
602 3818 718 3878 ibidem
732 3826 778 3879 edt
789 3817 980 3877 huiusmodit

259 3921 415 3981 Anwnircr
431 3922 548 3981 Iomsoe
561 3921 624 3979 dtas
639 3920 762 3978 meum
775 3919 859 3979 urbis
871 3921 1031 3978 Adornac.

133 4042 203 4082 cum
222 4040 293 4083 vero
312 4021 363 4083 bic
384 4022 449 4083 dux
467 4023 660 4083 laccensium
680 4023 772 4081 inerit
786 4026 917 4103 primurn
931 4022 960 4081 css
978 4024 1076 4097 1388,
1098 4032 1128 4079 et
1144 4029 1228 4100 post-

133 4125 257 4184 modum
274 4127 369 4186 tribus
388 4128 457 4186 aliis
471 4127 587 4186 vicibus
605 4136 726 4186 evectus
741 4125 781 4185 ad
794 4125 922 4184 eandem
937 4144 1108 4204 supremam
1126 4124 1227 4202 digni-

133 4236 226 4285 tatem
251 4230 366 4309 patriae
387 4248 460 4291 suae
477 4246 573 4312 osque
591 4229 762 4309 adsunam
783 4232 878 4305 1396,
897 4231 977 4289 iatrt
992 4226 1070 4290 istud
1082 4228 1226 4307 temporis

1338 2219 1372 2992 ἔ’ἔ.-’“;,ε.,..,

1336 3035 1372 3098 ἕ-

1322 3141 1372 4261 ,l-ffffffigrfflssrffffl

1320 4276 1372 4363 1⁴?
