2750 4625
456 250 721 327 Iomnium
745 250 825 323 un
848 254 925 324 VII.

229 424 323 484 Herte
340 421 395 484 sub
413 421 552 505 eneipiti3
571 438 664 505 quem
679 420 780 483 sinen
792 420 913 481 laeserit
923 417 1027 497 hostis,
1131 454 1135 463 »

228 545 339 585 nemen
355 526 410 584 erit
423 535 543 584 nestrae
552 540 728 585 mansurum
738 524 771 583 in
784 525 902 584 saecula
915 525 1024 582 sumne.

229 636 366 685 eernatur
377 628 514 687 Romana
529 624 603 686 fides
617 628 772 708 virtusque
787 626 941 707 laborque.

228 731 276 787 eia
290 728 386 806 agite,
407 729 582 806 eiurenes,
603 738 685 788 tanto
699 729 732 788 in
748 727 919 789 diserImine
937 726 1041 787 Martis

144 825 207 895 470
226 829 340 887 auxilio
355 830 485 909 relevate
498 833 614 907 virum,
640 842 804 913 gentesque
820 831 963 911 superbas

227 929 361 1008 deiieit03
383 942 413 991 et
426 942 556 1008 miros,
577 933 666 1009 serii,
687 935 802 993 selrete
818 923 975 992 clientes.”

268 1034 320 1094 Sie
338 1035 398 1109 εἰη
419 1044 450 1094 et
464 1037 554 1095 metis
568 1045 712 1115 ruperunt
728 1036 848 1115 agmina
863 1036 968 1114 signis.

227 1143 311 1214 terga
326 1133 415 1195 dabat
428 1137 489 1194 iam
500 1135 559 1195 fida
573 1154 680 1197 manus
695 1139 847 1197 Maurusia
860 1138 983 1216 eampis,

227 1240 424 1317 Lengnantan
439 1240 502 1296 iam
514 1239 609 1300 rietrn
623 1252 697 1300 eret.
739 1236 927 1299 Putzintulus
940 1255 1000 1294 una

143 1338 206 1408 475
227 1341 396 1421 Ominaque
411 1350 441 1398 et
456 1343 542 1400 riuis
558 1341 681 1401 cedebat
697 1336 844 1401 Geisirieh
857 1338 958 1396 annis.

227 1445 390 1522 respiciunt
402 1442 499 1500 subito
511 1443 657 1502 venientis
671 1444 757 1521 sigua
769 1438 921 1515 Iohannis,

225 1545 453 1625 percipiantque
468 1546 598 1620 animes,
621 1554 650 1602 et
662 1544 766 1602 mollin
780 1543 855 1601 eolla
869 1551 1038 1622 retorquent

226 1644 379 1725 alipedum
394 1646 521 1704 celeres:
543 1662 677 1727 pugnant
694 1647 802 1704 virtute
816 1655 984 1725 reposcunt.

153 1762 155 1767 ’
266 1749 345 1807 Aeer
357 1749 389 1806 in
403 1746 543 1808 adversos
557 1749 675 1808 fervens
693 1748 882 1813 Putzintulus
896 1745 997 1805 hostes

141 1845 204 1914 480
224 1858 293 1908 ente
310 1851 406 1926 relat,
428 1852 566 1932 rupitque
579 1851 670 1930 prior.
713 1860 785 1908 tune
798 1851 901 1908 sternit
915 1853 1044 1907 lunastan

225 1953 347 2011 vulnere
363 1952 533 2012 eonfessnm
544 1951 660 2028 valido,
682 1942 852 2033 fortemque
864 1952 985 2009 Nifaten

226 2073 297 2112 ense
311 2055 395 2130 ferit,
416 2056 553 2136 nigrique
567 2065 646 2114 secat
661 2055 725 2113 fere
741 2054 817 2113 eolla
835 2055 992 2112 Mamerris.

225 2151 332 2213 dividit
347 2156 464 2217 adversi
478 2158 556 2217 terre
573 2165 661 2236 eepnt
677 2157 782 2215 ebrius
797 2155 860 2230 ini,

223 2258 345 2338 sanguis
358 2270 388 2319 et
400 2260 531 2321 immisto
544 2255 698 2339 perfundit
710 2254 845 2332 membru
861 2256 992 2316 cerebro.

138 2356 201 2426 485
221 2364 377 2441 proximus
388 2362 499 2422 infensi
508 2362 632 2421 veniens
642 2378 697 2440 per
707 2370 810 2438 guttur
819 2362 942 2419 Amanti

222 2462 398 2542 transadigit
412 2461 546 2523 validum
559 2464 643 2523 letali
656 2464 780 2521 vnhrere
793 2464 905 2521 telum:

221 2566 302 2624 renis
318 2565 377 2624 iter
390 2566 512 2640 elausit3
534 2566 653 2624 fluitans
667 2583 754 2625 eruor
767 2562 837 2622 inde
851 2583 906 2642 per
920 2582 969 2620 era

222 2685 278 2746 per
291 2666 506 2747 geminumque
518 2670 609 2726 micat
620 2665 764 2726 subducta
779 2663 901 2744 cuspide
915 2665 1035 2724 rubrus.

186 2753 191 2765 ’
220 2765 301 2826 hune
313 2761 418 2848 prneul
432 2768 586 2828 ardentem
599 2767 702 2828 medin
715 2768 794 2826 inter
808 2767 867 2826 tela
882 2785 1003 2825 suerum
1100 2827 1104 2835 ,

135 2869 200 2937 400
218 2871 371 2929 Ifuraeum
386 2869 488 2931 ridere
503 2869 612 2930 dueesr
635 2880 708 2928 tunc
723 2870 842 2949 agmine
855 2871 934 2929 seete

219 2991 357 3032 aversum
370 2975 482 3058 pariter
492 2973 605 3032 ferrum
616 2982 661 3031 tet
674 2972 758 3029 miiie
771 2981 910 3053 torquent

219 3076 346 3156 quiaque
361 3093 460 3134 suum.
474 3133 479 3140 ,
503 3075 599 3156 ellpee
613 3074 766 3133 venientes
779 3076 903 3154 suscipit
917 3072 1028 3136 hastas.

217 3173 341 3235 vulnera
357 3177 441 3237 nulle
453 3195 566 3258 parens
578 3178 703 3237 lorieem
718 3184 880 3255 tempserat
892 3178 955 3254 ille,

217 3277 345 3338 eenfisus
358 3277 466 3340 virtute
480 3299 545 3339 sua.
588 3277 660 3338 dum
670 3280 775 3336 leucen
787 3282 900 3338 circum
1055 3264 1060 3273 ⁵

134 3377 196 3445 495
218 3377 310 3439 densa
323 3381 420 3455 relat,
439 3379 538 3439 dirum
551 3383 641 3440 sentit
653 3381 709 3440 sub
725 3392 844 3460 pertore
856 3381 969 3440 ferrum

216 3479 280 3540 dux
295 3479 355 3541 heu
370 3485 594 3561 magnanimus,
614 3501 671 3540 nee
683 3483 794 3542 fractus
807 3484 931 3542 vulnere
943 3492 1027 3541 tante

217 3584 261 3643 sie
277 3584 374 3643 aoeies
387 3582 520 3643 hortetur
534 3603 638 3643 orares.
675 3575 834 3660 “viatoria
857 3587 947 3660 eires,

217 3696 313 3745 vestra
326 3695 439 3745 menet.
481 3695 630 3766 pugnate,
652 3687 726 3761 viri,
747 3695 911 3767 gentesque
925 3684 1070 3748 nefandas

214 3787 329 3847 inferiis
343 3785 483 3847 mandate
496 3790 583 3847 meis.
625 3787 652 3846 si
665 3788 784 3847 vincitis
795 3786 896 3848 hostes

130 3885 194 3954 600
215 3886 289 3948 dum
299 3888 405 3966 rideo,
429 3888 503 3949 dum
518 3892 604 3965 rire,
620 3891 723 3969 nragis
741 3889 934 3972 gaudensque
951 3912 1006 3971 per
1019 3891 1141 3951 umbras

212 3990 410 4071 Langrnntan
424 4003 529 4074 gentes
541 3992 669 4075 propriis
684 3991 793 4073 aptabo
808 3991 980 4075 triumphis.

127 4202 364 4275 ennean

1167 252 1237 326 157
