<?xml version="1.0" encoding="UTF-8"?>
<!DOCTYPE html PUBLIC "-//W3C//DTD XHTML 1.0 Transitional//EN"
    "http://www.w3.org/TR/xhtml1/DTD/xhtml1-transitional.dtd">
<html xmlns="http://www.w3.org/1999/xhtml" xml:lang="en" lang="en">
 <head>
  <title>
</title>
<meta http-equiv="Content-Type" content="text/html;charset=utf-8" />
  <meta name='ocr-system' content='tesseract 3.04.00' />
  <meta name='ocr-capabilities' content='ocr_page ocr_carea ocr_par ocr_line ocrx_word'/>
</head>
<body>
  <div class='ocr_page' id='page_1' title='image "./merobaudesetcor00corigoog_0068.png"; bbox 0 0 2750 4625; ppageno 0'>
   <div class='ocr_carea' id='block_1_1' title="bbox 186 1012 1290 1131">
    <p class='ocr_par' dir='ltr' id='par_1_1' title="bbox 186 1012 1290 1131">
     <span class='ocr_line' id='line_1_1' title="bbox 186 1012 1290 1131; baseline -0.004 0"><span class='ocrx_word' id='word_1_1' title='bbox 186 1016 612 1131; x_wconf 85' lang='lat' dir='ltr'><strong>THOMAE</strong></span> <span class='ocrx_word' id='word_1_2' title='bbox 679 1012 1290 1129; x_wconf 77' lang='lat' dir='ltr'>DEMPSTE&#39;RI</span> 
     </span>
    </p>
   </div>
   <div class='ocr_carea' id='block_1_2' title="bbox 368 1225 1104 1491">
    <p class='ocr_par' dir='ltr' id='par_1_2' title="bbox 368 1225 1104 1491">
     <span class='ocr_line' id='line_1_2' title="bbox 368 1225 1104 1320; baseline 0.005 -4"><span class='ocrx_word' id='word_1_3' title='bbox 368 1225 1104 1320; x_wconf 67' lang='lat' dir='ltr'><strong>AMURESKIQ</strong></span> 
     </span>
     <span class='ocr_line' id='line_1_3' title="bbox 527 1409 943 1491; baseline 0.002 -1"><span class='ocrx_word' id='word_1_4' title='bbox 527 1409 943 1491; x_wconf 72' lang='lat' dir='ltr'>Pnunuuuln</span> 
     </span>
    </p>
   </div>
   <div class='ocr_carea' id='block_1_3' title="bbox 258 1885 1224 2073">
    <p class='ocr_par' dir='ltr' id='par_1_3' title="bbox 258 1885 1224 2073">
     <span class='ocr_line' id='line_1_4' title="bbox 258 1885 1224 1956; baseline -0.004 -1"><span class='ocrx_word' id='word_1_5' title='bbox 258 1890 535 1956; x_wconf 66' lang='lat' dir='ltr'>ultimus</span> <span class='ocrx_word' id='word_1_6' title='bbox 562 1890 853 1955; x_wconf 70' lang='lat' dir='ltr'>cultissmo</span> <span class='ocrx_word' id='word_1_7' title='bbox 881 1885 1224 1953; x_wconf 68' lang='lat' dir='ltr'>Anonnscssrt’rl</span> 
     </span>
     <span class='ocr_line' id='line_1_5' title="bbox 376 2011 1102 2073; baseline -0.004 -2"><span class='ocrx_word' id='word_1_8' title='bbox 376 2014 416 2072; x_wconf 86' lang='lat' dir='ltr'>l).</span> <span class='ocrx_word' id='word_1_9' title='bbox 443 2014 635 2073; x_wconf 70' lang='lat' dir='ltr'>essm</span> <span class='ocrx_word' id='word_1_10' title='bbox 661 2011 722 2071; x_wconf 75' lang='lat' dir='ltr'>DE</span> <span class='ocrx_word' id='word_1_11' title='bbox 749 2015 810 2072; x_wconf 73' lang='lat' dir='ltr'>LA</span> <span class='ocrx_word' id='word_1_12' title='bbox 837 2012 1102 2071; x_wconf 58' lang='lat' dir='ltr'>Tutilium</span> 
     </span>
    </p>
   </div>
   <div class='ocr_carea' id='block_1_4' title="bbox 307 2164 1179 2247">
    <p class='ocr_par' dir='ltr' id='par_1_4' title="bbox 307 2164 1179 2247">
     <span class='ocr_line' id='line_1_6' title="bbox 307 2164 1179 2247; baseline -0.006 -20"><span class='ocrx_word' id='word_1_13' title='bbox 307 2166 437 2226; x_wconf 71' lang='lat' dir='ltr'>auom</span> <span class='ocrx_word' id='word_1_14' title='bbox 456 2167 652 2247; x_wconf 55' lang='lat' dir='ltr'>Demptum</span> <span class='ocrx_word' id='word_1_15' title='bbox 671 2189 694 2226; x_wconf 74' lang='lat' dir='ltr'>a</span> <span class='ocrx_word' id='word_1_16' title='bbox 714 2166 841 2226; x_wconf 69' lang='lat' dir='ltr'>numi</span> <span class='ocrx_word' id='word_1_17' title='bbox 863 2166 970 2224; x_wconf 56' lang='lat' dir='ltr'>uma„</span> <span class='ocrx_word' id='word_1_18' title='bbox 990 2164 1019 2224; x_wconf 85' lang='lat'>1.</span> <span class='ocrx_word' id='word_1_19' title='bbox 1046 2164 1111 2223; x_wconf 76' lang='lat' dir='ltr'>sn.</span> <span class='ocrx_word' id='word_1_20' title='bbox 1137 2164 1179 2223; x_wconf 85' lang='lat' dir='ltr'>P.</span> 
     </span>
    </p>
   </div>
   <div class='ocr_carea' id='block_1_5' title="bbox 194 2328 1291 4289">
    <p class='ocr_par' dir='ltr' id='par_1_5' title="bbox 194 2328 1291 4289">
     <span class='ocr_line' id='line_1_7' title="bbox 194 2328 1290 2454; baseline -0.007 -23"><span class='ocrx_word' id='word_1_21' title='bbox 194 2328 316 2439; x_wconf 82' lang='lat' dir='ltr'>Multa</span> <span class='ocrx_word' id='word_1_22' title='bbox 344 2382 429 2447; x_wconf 86' lang='lat' dir='ltr'>sunt,</span> <span class='ocrx_word' id='word_1_23' title='bbox 458 2367 650 2432; x_wconf 84' lang='lat' dir='ltr'>Nobilissime</span> <span class='ocrx_word' id='word_1_24' title='bbox 675 2370 813 2448; x_wconf 78' lang='lat' dir='ltr'>Iuvenis,</span> <span class='ocrx_word' id='word_1_25' title='bbox 843 2388 921 2454; x_wconf 83' lang='lat' dir='ltr'>quaa</span> <span class='ocrx_word' id='word_1_26' title='bbox 953 2370 1026 2431; x_wconf 81' lang='lat' dir='ltr'>citra</span> <span class='ocrx_word' id='word_1_27' title='bbox 1052 2371 1149 2430; x_wconf 87' lang='lat' dir='ltr'>solem</span> <span class='ocrx_word' id='word_1_28' title='bbox 1176 2367 1290 2426; x_wconf 83' lang='lat' dir='ltr'>lucent.</span> 
     </span>
     <span class='ocr_line' id='line_1_8' title="bbox 194 2470 1291 2556; baseline -0.005 -22"><span class='ocrx_word' id='word_1_29' title='bbox 194 2471 395 2555; x_wconf 82' lang='lat' dir='ltr'>lampyrides,</span> <span class='ocrx_word' id='word_1_30' title='bbox 426 2493 499 2556; x_wconf 83' lang='lat' dir='ltr'>quas</span> <span class='ocrx_word' id='word_1_31' title='bbox 522 2475 644 2536; x_wconf 85' lang='lat' dir='ltr'>Tullius</span> <span class='ocrx_word' id='word_1_32' title='bbox 662 2474 814 2534; x_wconf 75' lang='lat' dir='ltr'><strong>nitedulas</strong></span> <span class='ocrx_word' id='word_1_33' title='bbox 833 2484 937 2551; x_wconf 82' lang='lat' dir='ltr'>vacat,</span> <span class='ocrx_word' id='word_1_34' title='bbox 966 2477 1001 2533; x_wconf 88' lang='lat' dir='ltr'>in</span> <span class='ocrx_word' id='word_1_35' title='bbox 1020 2473 1150 2532; x_wconf 77' lang='lat' dir='ltr'>tenebtis</span> <span class='ocrx_word' id='word_1_36' title='bbox 1167 2470 1291 2549; x_wconf 81' lang='lat' dir='ltr'>igniculi</span> 
     </span>
     <span class='ocr_line' id='line_1_9' title="bbox 195 2569 1290 2657; baseline -0.006 -20"><span class='ocrx_word' id='word_1_37' title='bbox 195 2574 352 2637; x_wconf 77' lang='lat' dir='ltr'>videntur:</span> <span class='ocrx_word' id='word_1_38' title='bbox 377 2586 408 2633; x_wconf 80' lang='lat' dir='ltr'>at</span> <span class='ocrx_word' id='word_1_39' title='bbox 428 2572 482 2635; x_wconf 88' lang='lat' dir='ltr'>ubi</span> <span class='ocrx_word' id='word_1_40' title='bbox 502 2571 607 2657; x_wconf 78' lang='lat' dir='ltr'>purior</span> <span class='ocrx_word' id='word_1_41' title='bbox 630 2576 695 2637; x_wconf 88' lang='lat' dir='ltr'>dies</span> <span class='ocrx_word' id='word_1_42' title='bbox 714 2578 834 2651; x_wconf 81' lang='lat' dir='ltr'>illuxit,</span> <span class='ocrx_word' id='word_1_43' title='bbox 859 2573 977 2635; x_wconf 79' lang='lat' dir='ltr'>decedit</span> <span class='ocrx_word' id='word_1_44' title='bbox 999 2576 1116 2655; x_wconf 81' lang='lat' dir='ltr'>fulgor,</span> <span class='ocrx_word' id='word_1_45' title='bbox 1142 2585 1172 2633; x_wconf 89' lang='lat' dir='ltr'>et</span> <span class='ocrx_word' id='word_1_46' title='bbox 1190 2569 1290 2635; x_wconf 85' lang='lat' dir='ltr'>asciti-</span> 
     </span>
     <span class='ocr_line' id='line_1_10' title="bbox 196 2669 1291 2760; baseline -0.007 -20"><span class='ocrx_word' id='word_1_47' title='bbox 196 2680 274 2740; x_wconf 87' lang='lat' dir='ltr'>tium</span> <span class='ocrx_word' id='word_1_48' title='bbox 298 2679 491 2758; x_wconf 79' lang='lat' dir='ltr'>incatmnqua</span> <span class='ocrx_word' id='word_1_49' title='bbox 522 2680 655 2739; x_wconf 84' lang='lat' dir='ltr'>nitorem</span> <span class='ocrx_word' id='word_1_50' title='bbox 676 2678 741 2739; x_wconf 81' lang='lat' dir='ltr'>veri</span> <span class='ocrx_word' id='word_1_51' title='bbox 763 2679 887 2739; x_wconf 85' lang='lat' dir='ltr'>luminis</span> <span class='ocrx_word' id='word_1_52' title='bbox 909 2680 1053 2760; x_wconf 75' lang='lat' dir='ltr'>perfectio</span> <span class='ocrx_word' id='word_1_53' title='bbox 1079 2674 1209 2737; x_wconf 78' lang='lat' dir='ltr'>discutit.</span> <span class='ocrx_word' id='word_1_54' title='bbox 1249 2669 1291 2733; x_wconf 90' lang='lat' dir='ltr'>ita</span> 
     </span>
     <span class='ocr_line' id='line_1_11' title="bbox 195 2779 1290 2861; baseline -0.003 -20"><span class='ocrx_word' id='word_1_55' title='bbox 195 2781 273 2841; x_wconf 81' lang='lat' dir='ltr'>haec</span> <span class='ocrx_word' id='word_1_56' title='bbox 293 2783 511 2861; x_wconf 74' lang='lat' dir='ltr'>qualiacunque</span> <span class='ocrx_word' id='word_1_57' title='bbox 530 2781 564 2837; x_wconf 89' lang='lat' dir='ltr'>in</span> <span class='ocrx_word' id='word_1_58' title='bbox 584 2782 763 2861; x_wconf 69' lang='lat' dir='ltr'>Cmippmn,</span> <span class='ocrx_word' id='word_1_59' title='bbox 785 2779 860 2839; x_wconf 87' lang='lat' dir='ltr'>dmn</span> <span class='ocrx_word' id='word_1_60' title='bbox 871 2784 998 2842; x_wconf 83' lang='lat' dir='ltr'>meliora</span> <span class='ocrx_word' id='word_1_61' title='bbox 1010 2789 1215 2861; x_wconf 83' lang='lat' dir='ltr'>compareant,</span> <span class='ocrx_word' id='word_1_62' title='bbox 1235 2796 1290 2857; x_wconf 81' lang='lat' dir='ltr'>pe-</span> 
     </span>
     <span class='ocr_line' id='line_1_12' title="bbox 197 2880 1289 2957; baseline -0.005 -16"><span class='ocrx_word' id='word_1_63' title='bbox 197 2881 331 2941; x_wconf 81' lang='lat' dir='ltr'>tentibus</span> <span class='ocrx_word' id='word_1_64' title='bbox 349 2881 453 2938; x_wconf 86' lang='lat' dir='ltr'>amicis</span> <span class='ocrx_word' id='word_1_65' title='bbox 472 2880 608 2939; x_wconf 78' lang='lat' dir='ltr'>emittere</span> <span class='ocrx_word' id='word_1_66' title='bbox 624 2880 762 2957; x_wconf 76' lang='lat' dir='ltr'>decrevi,</span> <span class='ocrx_word' id='word_1_67' title='bbox 783 2886 900 2944; x_wconf 88' lang='lat' dir='ltr'>utinam</span> <span class='ocrx_word' id='word_1_68' title='bbox 916 2886 1034 2945; x_wconf 84' lang='lat' dir='ltr'>meliori</span> <span class='ocrx_word' id='word_1_69' title='bbox 1051 2880 1224 2941; x_wconf 81' lang='lat' dir='ltr'>eruditionis</span> <span class='ocrx_word' id='word_1_70' title='bbox 1240 2898 1289 2936; x_wconf 86' lang='lat' dir='ltr'>sc·</span> 
     </span>
     <span class='ocr_line' id='line_1_13' title="bbox 198 2980 1289 3064; baseline -0.005 -20"><span class='ocrx_word' id='word_1_71' title='bbox 198 2983 279 3044; x_wconf 81' lang='lat' dir='ltr'>lidae</span> <span class='ocrx_word' id='word_1_72' title='bbox 301 2982 367 3041; x_wconf 81' lang='lat' dir='ltr'>sace</span> <span class='ocrx_word' id='word_1_73' title='bbox 386 2982 472 3039; x_wconf 80' lang='lat' dir='ltr'>brevi</span> <span class='ocrx_word' id='word_1_74' title='bbox 493 2980 666 3040; x_wconf 67' lang='lat' dir='ltr'>obruendas</span> <span class='ocrx_word' id='word_1_75' title='bbox 687 2999 761 3041; x_wconf 88' lang='lat' dir='ltr'>nam</span> <span class='ocrx_word' id='word_1_76' title='bbox 774 2996 812 3041; x_wconf 77' lang='lat' dir='ltr'>ut</span> <span class='ocrx_word' id='word_1_77' title='bbox 824 2984 1012 3064; x_wconf 57' lang='lat' dir='ltr'>Polygncau</span> <span class='ocrx_word' id='word_1_78' title='bbox 1025 2994 1082 3041; x_wconf 75' lang='lat' dir='ltr'>aut</span> <span class='ocrx_word' id='word_1_79' title='bbox 1092 2980 1289 3060; x_wconf 77' lang='lat' dir='ltr'><em>Aglaophon,</em></span> 
     </span>
     <span class='ocr_line' id='line_1_14' title="bbox 198 3081 1290 3166; baseline -0.003 -21"><span class='ocrx_word' id='word_1_80' title='bbox 198 3085 350 3145; x_wconf 62' lang='lat' dir='ltr'>delineari</span> <span class='ocrx_word' id='word_1_81' title='bbox 372 3093 491 3141; x_wconf 67' lang='lat' dir='ltr'>immun</span> <span class='ocrx_word' id='word_1_82' title='bbox 514 3081 659 3161; x_wconf 68' lang='lat' dir='ltr'>diffiesliu</span> <span class='ocrx_word' id='word_1_83' title='bbox 685 3084 788 3163; x_wconf 71' lang='lat' dir='ltr'>(nun.</span> <span class='ocrx_word' id='word_1_84' title='bbox 809 3083 851 3147; x_wconf 74' lang='lat'>35</span> <span class='ocrx_word' id='word_1_85' title='bbox 874 3083 927 3166; x_wconf 86' lang='grc'>9).</span> <span class='ocrx_word' id='word_1_86' title='bbox 979 3081 1129 3143; x_wconf 80' lang='lat' dir='ltr'>Parrhasii</span> <span class='ocrx_word' id='word_1_87' title='bbox 1150 3093 1219 3141; x_wconf 86' lang='lat' dir='ltr'>sunt</span> <span class='ocrx_word' id='word_1_88' title='bbox 1240 3093 1290 3142; x_wconf 86' lang='lat' dir='ltr'>aut</span> 
     </span>
     <span class='ocr_line' id='line_1_15' title="bbox 200 3183 1289 3268; baseline -0.003 -20"><span class='ocrx_word' id='word_1_89' title='bbox 200 3187 338 3268; x_wconf 75' lang='lat' dir='ltr'>Apelles,</span> <span class='ocrx_word' id='word_1_90' title='bbox 360 3204 378 3242; x_wconf 86' lang='lat' dir='ltr'>a</span> <span class='ocrx_word' id='word_1_91' title='bbox 397 3185 504 3265; x_wconf 86' lang='lat' dir='ltr'>quibus</span> <span class='ocrx_word' id='word_1_92' title='bbox 522 3204 641 3244; x_wconf 84' lang='lat' dir='ltr'>summa</span> <span class='ocrx_word' id='word_1_93' title='bbox 657 3205 766 3246; x_wconf 86' lang='lat' dir='ltr'>manus</span> <span class='ocrx_word' id='word_1_94' title='bbox 780 3188 893 3264; x_wconf 79' lang='lat' dir='ltr'>sperari</span> <span class='ocrx_word' id='word_1_95' title='bbox 906 3185 1023 3245; x_wconf 74' lang='lat' dir='ltr'>debeat.</span> <span class='ocrx_word' id='word_1_96' title='bbox 1066 3200 1179 3245; x_wconf 81' lang='lat' dir='ltr'>errores</span> <span class='ocrx_word' id='word_1_97' title='bbox 1192 3183 1289 3245; x_wconf 78' lang='lat' dir='ltr'>detexi</span> 
     </span>
     <span class='ocr_line' id='line_1_16' title="bbox 201 3288 1288 3367; baseline -0.001 -17"><span class='ocrx_word' id='word_1_98' title='bbox 201 3291 540 3367; x_wconf 79' lang='lat' dir='ltr'>aetatis-operarumque</span> <span class='ocrx_word' id='word_1_99' title='bbox 552 3289 703 3365; x_wconf 80' lang='lat' dir='ltr'>inscitias,</span> <span class='ocrx_word' id='word_1_100' title='bbox 732 3290 864 3348; x_wconf 82' lang='lat' dir='ltr'>veritatis</span> <span class='ocrx_word' id='word_1_101' title='bbox 879 3290 933 3346; x_wconf 80' lang='lat' dir='ltr'>vix</span> <span class='ocrx_word' id='word_1_102' title='bbox 949 3288 1087 3346; x_wconf 84' lang='lat' dir='ltr'>umbram</span> <span class='ocrx_word' id='word_1_103' title='bbox 1102 3300 1288 3364; x_wconf 79' lang='lat' dir='ltr'>consecutus3</span> 
     </span>
     <span class='ocr_line' id='line_1_17' title="bbox 201 3385 1289 3473; baseline -0.001 -22"><span class='ocrx_word' id='word_1_104' title='bbox 201 3389 284 3473; x_wconf 88' lang='lat' dir='ltr'>qucd</span> <span class='ocrx_word' id='word_1_105' title='bbox 305 3410 358 3449; x_wconf 80' lang='lat' dir='ltr'>cur</span> <span class='ocrx_word' id='word_1_106' title='bbox 374 3385 516 3447; x_wconf 65' lang='lat' dir='ltr'>mireris?</span> <span class='ocrx_word' id='word_1_107' title='bbox 543 3408 613 3446; x_wconf 87' lang='lat' dir='ltr'>cum</span> <span class='ocrx_word' id='word_1_108' title='bbox 632 3409 650 3447; x_wconf 87' lang='lat' dir='ltr'>a</span> <span class='ocrx_word' id='word_1_109' title='bbox 668 3392 791 3471; x_wconf 85' lang='lat' dir='ltr'>tn&#39;giuta</span> <span class='ocrx_word' id='word_1_110' title='bbox 806 3402 884 3450; x_wconf 85' lang='lat' dir='ltr'>retro</span> <span class='ocrx_word' id='word_1_111' title='bbox 897 3392 984 3449; x_wconf 87' lang='lat' dir='ltr'>annis</span> <span class='ocrx_word' id='word_1_112' title='bbox 996 3410 1087 3450; x_wconf 87' lang='lat' dir='ltr'>nemo</span> <span class='ocrx_word' id='word_1_113' title='bbox 1099 3392 1248 3451; x_wconf 79' lang='lat' dir='ltr'>luculento</span> <span class='ocrx_word' id='word_1_114' title='bbox 1260 3401 1289 3450; x_wconf 89' lang='lat' dir='ltr'>et</span> 
     </span>
     <span class='ocr_line' id='line_1_18' title="bbox 202 3490 1288 3573; baseline 0.002 -22"><span class='ocrx_word' id='word_1_115' title='bbox 202 3492 380 3573; x_wconf 80' lang='lat' dir='ltr'>dignissimo</span> <span class='ocrx_word' id='word_1_116' title='bbox 392 3490 650 3550; x_wconf 76' lang='lat' dir='ltr'>lucubrationibus</span> <span class='ocrx_word' id='word_1_117' title='bbox 666 3500 772 3573; x_wconf 65' lang='lat' dir='ltr'>pcitae</span> <span class='ocrx_word' id='word_1_118' title='bbox 784 3513 909 3573; x_wconf 78' lang='lat' dir='ltr'>manunt</span> <span class='ocrx_word' id='word_1_119' title='bbox 924 3490 1083 3552; x_wconf 77' lang='lat' dir='ltr'>admovere</span> <span class='ocrx_word' id='word_1_120' title='bbox 1096 3494 1129 3552; x_wconf 86' lang='lat' dir='ltr'>in</span> <span class='ocrx_word' id='word_1_121' title='bbox 1141 3504 1186 3553; x_wconf 86' lang='lat' dir='ltr'>tot</span> <span class='ocrx_word' id='word_1_122' title='bbox 1201 3492 1288 3553; x_wconf 82' lang='lat' dir='ltr'>doctis</span> 
     </span>
     <span class='ocr_line' id='line_1_19' title="bbox 202 3591 1289 3678; baseline -0.001 -23"><span class='ocrx_word' id='word_1_123' title='bbox 202 3598 243 3656; x_wconf 86' lang='lat' dir='ltr'>sit</span> <span class='ocrx_word' id='word_1_124' title='bbox 270 3613 371 3653; x_wconf 85' lang='lat' dir='ltr'>ansus.</span> <span class='ocrx_word' id='word_1_125' title='bbox 413 3597 529 3671; x_wconf 84' lang='lat' dir='ltr'>primus</span> <span class='ocrx_word' id='word_1_126' title='bbox 550 3592 681 3654; x_wconf 73' lang='lat' dir='ltr'>tlichael</span> <span class='ocrx_word' id='word_1_127' title='bbox 703 3597 826 3653; x_wconf 79' lang='lat' dir='ltr'>Ruiziua</span> <span class='ocrx_word' id='word_1_128' title='bbox 843 3591 1002 3673; x_wconf 81' lang='lat' dir='ltr'>Assagrius</span> <span class='ocrx_word' id='word_1_129' title='bbox 1022 3595 1124 3654; x_wconf 82' lang='lat' dir='ltr'>blattis</span> <span class='ocrx_word' id='word_1_130' title='bbox 1149 3595 1289 3678; x_wconf 70' lang='lat' dir='ltr'>lineisque</span> 
     </span>
     <span class='ocr_line' id='line_1_20' title="bbox 203 3693 1289 3776; baseline 0.003 -22"><span class='ocrx_word' id='word_1_131' title='bbox 203 3695 428 3776; x_wconf 72' lang='lat' dir='ltr'>depugnantem</span> <span class='ocrx_word' id='word_1_132' title='bbox 448 3716 464 3752; x_wconf 86' lang='lat' dir='ltr'>e</span> <span class='ocrx_word' id='word_1_133' title='bbox 485 3694 608 3755; x_wconf 82' lang='lat' dir='ltr'>latebris</span> <span class='ocrx_word' id='word_1_134' title='bbox 629 3706 660 3754; x_wconf 84' lang='lat' dir='ltr'>et</span> <span class='ocrx_word' id='word_1_135' title='bbox 679 3698 740 3755; x_wconf 87' lang='lat' dir='ltr'>situ</span> <span class='ocrx_word' id='word_1_136' title='bbox 757 3693 905 3770; x_wconf 83' lang='lat' dir='ltr'>extraxit,</span> <span class='ocrx_word' id='word_1_137' title='bbox 929 3706 960 3755; x_wconf 87' lang='lat' dir='ltr'>et</span> <span class='ocrx_word' id='word_1_138' title='bbox 974 3697 1088 3769; x_wconf 78' lang='lat' dir='ltr'>lacunis</span> <span class='ocrx_word' id='word_1_139' title='bbox 1101 3696 1192 3757; x_wconf 82' lang='lat' dir='ltr'>foede</span> <span class='ocrx_word' id='word_1_140' title='bbox 1202 3702 1289 3757; x_wconf 84' lang='lat' dir='ltr'>inter-</span> 
     </span>
     <span class='ocr_line' id='line_1_21' title="bbox 203 3788 1289 3882; baseline 0.004 -27"><span class='ocrx_word' id='word_1_141' title='bbox 203 3800 359 3879; x_wconf 73' lang='lat' dir='ltr'>polutum,</span> <span class='ocrx_word' id='word_1_142' title='bbox 393 3808 585 3876; x_wconf 84' lang='lat' dir='ltr'>corruptum,</span> <span class='ocrx_word' id='word_1_143' title='bbox 618 3800 729 3858; x_wconf 85' lang='lat' dir='ltr'>iniuria</span> <span class='ocrx_word' id='word_1_144' title='bbox 756 3788 915 3859; x_wconf 77' lang='lat' dir='ltr'>vetustatis</span> <span class='ocrx_word' id='word_1_145' title='bbox 943 3817 1077 3856; x_wconf 84' lang='lat' dir='ltr'>arrosmn</span> <span class='ocrx_word' id='word_1_146' title='bbox 1103 3799 1289 3882; x_wconf 71' lang='lat' dir='ltr'>cordibusque</span> 
     </span>
     <span class='ocr_line' id='line_1_22' title="bbox 204 3899 1288 3985; baseline 0.004 -27"><span class='ocrx_word' id='word_1_147' title='bbox 204 3900 406 3982; x_wconf 70' lang='lat' dir='ltr'>squallentem</span> <span class='ocrx_word' id='word_1_148' title='bbox 421 3901 454 3958; x_wconf 92' lang='lat' dir='ltr'>in</span> <span class='ocrx_word' id='word_1_149' title='bbox 469 3900 570 3959; x_wconf 87' lang='lat' dir='ltr'>lucem</span> <span class='ocrx_word' id='word_1_150' title='bbox 585 3899 688 3977; x_wconf 79' lang='lat' dir='ltr'>dedit3</span> <span class='ocrx_word' id='word_1_151' title='bbox 709 3922 807 3985; x_wconf 84' lang='lat' dir='ltr'>neque</span> <span class='ocrx_word' id='word_1_152' title='bbox 824 3922 865 3960; x_wconf 83' lang='lat' dir='ltr'>ex</span> <span class='ocrx_word' id='word_1_153' title='bbox 882 3903 935 3960; x_wconf 93' lang='lat' dir='ltr'>illo</span> <span class='ocrx_word' id='word_1_154' title='bbox 950 3903 1107 3982; x_wconf 78' lang='lat' dir='ltr'>quisqam</span> <span class='ocrx_word' id='word_1_155' title='bbox 1120 3903 1153 3959; x_wconf 93' lang='lat' dir='ltr'>in</span> <span class='ocrx_word' id='word_1_156' title='bbox 1168 3905 1288 3982; x_wconf 78' lang='lat' dir='ltr'>Europa,</span> 
     </span>
     <span class='ocr_line' id='line_1_23' title="bbox 206 3999 1288 4085; baseline -0.001 -23"><span class='ocrx_word' id='word_1_157' title='bbox 206 3999 289 4085; x_wconf 89' lang='lat' dir='ltr'>quod</span> <span class='ocrx_word' id='word_1_158' title='bbox 309 4003 420 4078; x_wconf 85' lang='lat' dir='ltr'>sciam,</span> <span class='ocrx_word' id='word_1_159' title='bbox 441 4003 537 4062; x_wconf 89' lang='lat' dir='ltr'>ullam</span> <span class='ocrx_word' id='word_1_160' title='bbox 557 4005 648 4062; x_wconf 84' lang='lat' dir='ltr'>aliam</span> <span class='ocrx_word' id='word_1_161' title='bbox 665 4005 872 4063; x_wconf 73' lang='lat' dir='ltr'>membrmam</span> <span class='ocrx_word' id='word_1_162' title='bbox 887 4002 978 4080; x_wconf 80' lang='lat' dir='ltr'>vidit,</span> <span class='ocrx_word' id='word_1_163' title='bbox 1000 4016 1034 4064; x_wconf 90' lang='lat' dir='ltr'>ut</span> <span class='ocrx_word' id='word_1_164' title='bbox 1047 4006 1137 4085; x_wconf 82' lang='lat' dir='ltr'>plane</span> <span class='ocrx_word' id='word_1_165' title='bbox 1148 4024 1203 4083; x_wconf 84' lang='lat' dir='ltr'>pro</span> <span class='ocrx_word' id='word_1_166' title='bbox 1218 4004 1288 4061; x_wconf 83' lang='lat' dir='ltr'>affli-</span> 
     </span>
     <span class='ocr_line' id='line_1_24' title="bbox 207 4103 1287 4187; baseline -0.002 -23"><span class='ocrx_word' id='word_1_167' title='bbox 207 4116 256 4165; x_wconf 90' lang='lat' dir='ltr'>cto</span> <span class='ocrx_word' id='word_1_168' title='bbox 283 4125 318 4163; x_wconf 88' lang='lat' dir='ltr'>ac</span> <span class='ocrx_word' id='word_1_169' title='bbox 347 4124 426 4186; x_wconf 86' lang='lat' dir='ltr'>pena</span> <span class='ocrx_word' id='word_1_170' title='bbox 454 4107 639 4165; x_wconf 82' lang='lat' dir='ltr'>conclamato</span> <span class='ocrx_word' id='word_1_171' title='bbox 660 4105 693 4164; x_wconf 90' lang='lat' dir='ltr'>in</span> <span class='ocrx_word' id='word_1_172' title='bbox 714 4106 785 4165; x_wconf 83' lang='lat' dir='ltr'>fano</span> <span class='ocrx_word' id='word_1_173' title='bbox 805 4108 977 4187; x_wconf 73' lang='lat' dir='ltr'>Aesculapii</span> <span class='ocrx_word' id='word_1_174' title='bbox 995 4109 1035 4167; x_wconf 91' lang='lat' dir='ltr'>sit</span> <span class='ocrx_word' id='word_1_175' title='bbox 1053 4103 1287 4187; x_wconf 75' lang='lat' dir='ltr'>pemoctandiun‚</span> 
     </span>
     <span class='ocr_line' id='line_1_25' title="bbox 206 4206 1288 4289; baseline -0.003 -22"><span class='ocrx_word' id='word_1_176' title='bbox 206 4225 268 4289; x_wconf 87' lang='lat' dir='ltr'>quo</span> <span class='ocrx_word' id='word_1_177' title='bbox 287 4206 412 4271; x_wconf 80' lang='lat' dir='ltr'>tandem</span> <span class='ocrx_word' id='word_1_178' title='bbox 436 4210 556 4269; x_wconf 86' lang='lat' dir='ltr'>sanitati</span> <span class='ocrx_word' id='word_1_179' title='bbox 577 4209 713 4271; x_wconf 81' lang='lat' dir='ltr'>restituto</span> <span class='ocrx_word' id='word_1_180' title='bbox 735 4228 797 4270; x_wconf 89' lang='lat' dir='ltr'>non</span> <span class='ocrx_word' id='word_1_181' title='bbox 817 4225 896 4270; x_wconf 86' lang='lat' dir='ltr'>unus</span> <span class='ocrx_word' id='word_1_182' title='bbox 916 4207 1073 4270; x_wconf 83' lang='lat' dir='ltr'>deberetur</span> <span class='ocrx_word' id='word_1_183' title='bbox 1094 4210 1210 4288; x_wconf 82' lang='lat' dir='ltr'>gallus,</span> <span class='ocrx_word' id='word_1_184' title='bbox 1234 4226 1288 4266; x_wconf 88' lang='lat' dir='ltr'>non</span> 
     </span>
    </p>
   </div>
   <div class='ocr_carea' id='block_1_6' title="bbox 0 0 1394 4625">
    <p class='ocr_par' dir='ltr' id='par_1_6' title="bbox 0 0 1394 4625">
     <span class='ocr_line' id='line_1_26' title="bbox 0 0 1394 4625; baseline 0 0"><span class='ocrx_word' id='word_1_185' title='bbox 0 0 1394 4625; x_wconf 95' lang='lat' dir='ltr'> </span> 
     </span>
    </p>
   </div>
  </div>
 </body>
</html>
